%YAML 1.1
%TAG !u! tag:unity3d.com,2011:
--- !u!29 &1
SceneSettings:
  m_ObjectHideFlags: 0
  m_PVSData: 
  m_PVSObjectsArray: []
  m_PVSPortalsArray: []
  m_OcclusionBakeSettings:
    smallestOccluder: 5
    smallestHole: 0.25
    backfaceThreshold: 100
--- !u!104 &2
RenderSettings:
  m_ObjectHideFlags: 0
  serializedVersion: 7
  m_Fog: 0
  m_FogColor: {r: 0.5, g: 0.5, b: 0.5, a: 1}
  m_FogMode: 3
  m_FogDensity: 0.01
  m_LinearFogStart: 0
  m_LinearFogEnd: 300
  m_AmbientSkyColor: {r: 0.212, g: 0.227, b: 0.259, a: 1}
  m_AmbientEquatorColor: {r: 0.114, g: 0.125, b: 0.133, a: 1}
  m_AmbientGroundColor: {r: 0.047, g: 0.043, b: 0.035, a: 1}
  m_AmbientIntensity: 1
  m_AmbientMode: 0
  m_SkyboxMaterial: {fileID: 10304, guid: 0000000000000000f000000000000000, type: 0}
  m_HaloStrength: 0.5
  m_FlareStrength: 1
  m_FlareFadeSpeed: 3
  m_HaloTexture: {fileID: 0}
  m_SpotCookie: {fileID: 10001, guid: 0000000000000000e000000000000000, type: 0}
  m_DefaultReflectionMode: 0
  m_DefaultReflectionResolution: 128
  m_ReflectionBounces: 1
  m_ReflectionIntensity: 1
  m_CustomReflection: {fileID: 0}
  m_Sun: {fileID: 0}
  m_IndirectSpecularColor: {r: 0.45055848, g: 0.50063163, b: 0.5758049, a: 1}
--- !u!157 &3
LightmapSettings:
  m_ObjectHideFlags: 0
  serializedVersion: 7
  m_GIWorkflowMode: 0
  m_GISettings:
    serializedVersion: 2
    m_BounceScale: 1
    m_IndirectOutputScale: 1
    m_AlbedoBoost: 1
    m_TemporalCoherenceThreshold: 1
    m_EnvironmentLightingMode: 0
    m_EnableBakedLightmaps: 1
    m_EnableRealtimeLightmaps: 1
  m_LightmapEditorSettings:
    serializedVersion: 4
    m_Resolution: 2
    m_BakeResolution: 40
    m_TextureWidth: 1024
    m_TextureHeight: 1024
    m_AO: 0
    m_AOMaxDistance: 1
    m_CompAOExponent: 1
    m_CompAOExponentDirect: 0
    m_Padding: 2
    m_LightmapParameters: {fileID: 0}
    m_LightmapsBakeMode: 1
    m_TextureCompression: 1
    m_DirectLightInLightProbes: 1
    m_FinalGather: 0
    m_FinalGatherFiltering: 1
    m_FinalGatherRayCount: 256
    m_ReflectionCompression: 2
  m_LightingDataAsset: {fileID: 0}
  m_RuntimeCPUUsage: 25
--- !u!196 &4
NavMeshSettings:
  serializedVersion: 2
  m_ObjectHideFlags: 0
  m_BuildSettings:
    serializedVersion: 2
    agentRadius: 0.5
    agentHeight: 2
    agentSlope: 45
    agentClimb: 0.4
    ledgeDropHeight: 0
    maxJumpAcrossDistance: 0
    accuratePlacement: 0
    minRegionArea: 2
    cellSize: 0.16666667
    manualCellSize: 0
  m_NavMeshData: {fileID: 0}
--- !u!1 &3604120
GameObject:
  m_ObjectHideFlags: 0
  m_PrefabParentObject: {fileID: 0}
  m_PrefabInternal: {fileID: 0}
  serializedVersion: 4
  m_Component:
  - 4: {fileID: 3604124}
  - 114: {fileID: 3604123}
  - 82: {fileID: 3604122}
  - 132: {fileID: 3604121}
  m_Layer: 0
  m_Name: AudioManager
  m_TagString: Untagged
  m_Icon: {fileID: 0}
  m_NavMeshLayer: 0
  m_StaticEditorFlags: 0
  m_IsActive: 1
--- !u!132 &3604121
GUIText:
  m_ObjectHideFlags: 0
  m_PrefabParentObject: {fileID: 0}
  m_PrefabInternal: {fileID: 0}
  m_GameObject: {fileID: 3604120}
  m_Enabled: 1
  serializedVersion: 3
  m_Text: 
  m_Anchor: 0
  m_Alignment: 0
  m_PixelOffset: {x: 0, y: 0}
  m_LineSpacing: 1
  m_TabSize: 4
  m_Font: {fileID: 12800000, guid: 6452d983b8b930b4b87187cc8dc88926, type: 3}
  m_Material: {fileID: 0}
  m_FontSize: 0
  m_FontStyle: 0
  m_Color:
    serializedVersion: 2
    rgba: 4294967295
  m_PixelCorrect: 1
  m_RichText: 1
--- !u!82 &3604122
AudioSource:
  m_ObjectHideFlags: 0
  m_PrefabParentObject: {fileID: 0}
  m_PrefabInternal: {fileID: 0}
  m_GameObject: {fileID: 3604120}
  m_Enabled: 1
  serializedVersion: 4
  OutputAudioMixerGroup: {fileID: 0}
  m_audioClip: {fileID: 8300000, guid: ef5bff116ae485647a61c9f41897db5f, type: 3}
  m_PlayOnAwake: 1
  m_Volume: 1
  m_Pitch: 1
  Loop: 1
  Mute: 0
  Spatialize: 0
  Priority: 128
  DopplerLevel: 0.1
  MinDistance: 1
  MaxDistance: 500
  Pan2D: 0
  rolloffMode: 0
  BypassEffects: 0
  BypassListenerEffects: 0
  BypassReverbZones: 0
  rolloffCustomCurve:
    serializedVersion: 2
    m_Curve:
    - time: 0
      value: 1
      inSlope: 0
      outSlope: 0
      tangentMode: 0
    - time: 1
      value: 0
      inSlope: 0
      outSlope: 0
      tangentMode: 0
    m_PreInfinity: 2
    m_PostInfinity: 2
    m_RotationOrder: 4
  panLevelCustomCurve:
    serializedVersion: 2
    m_Curve:
    - time: 0
      value: 1
      inSlope: 0
      outSlope: 0
      tangentMode: 0
    m_PreInfinity: 2
    m_PostInfinity: 2
    m_RotationOrder: 0
  spreadCustomCurve:
    serializedVersion: 2
    m_Curve:
    - time: 0
      value: 0
      inSlope: 0
      outSlope: 0
      tangentMode: 0
    m_PreInfinity: 2
    m_PostInfinity: 2
    m_RotationOrder: 0
  reverbZoneMixCustomCurve:
    serializedVersion: 2
    m_Curve:
    - time: 0
      value: 1
      inSlope: 0
      outSlope: 0
      tangentMode: 0
    m_PreInfinity: 2
    m_PostInfinity: 2
    m_RotationOrder: 0
--- !u!114 &3604123
MonoBehaviour:
  m_ObjectHideFlags: 0
  m_PrefabParentObject: {fileID: 0}
  m_PrefabInternal: {fileID: 0}
  m_GameObject: {fileID: 3604120}
  m_Enabled: 1
  m_EditorHideFlags: 0
  m_Script: {fileID: 11500000, guid: 2ed867247783aab439e6f103454f8456, type: 3}
  m_Name: 
  m_EditorClassIdentifier: 
--- !u!4 &3604124
Transform:
  m_ObjectHideFlags: 0
  m_PrefabParentObject: {fileID: 0}
  m_PrefabInternal: {fileID: 0}
  m_GameObject: {fileID: 3604120}
  m_LocalRotation: {x: -0, y: -0, z: -0, w: 1}
  m_LocalPosition: {x: 0, y: -0.25, z: 3}
  m_LocalScale: {x: 1, y: 1, z: 1}
  m_LocalEulerAnglesHint: {x: 0, y: 0, z: 0}
  m_Children: []
  m_Father: {fileID: 0}
  m_RootOrder: 5
--- !u!1001 &94248057
Prefab:
  m_ObjectHideFlags: 0
  serializedVersion: 2
  m_Modification:
    m_TransformParent: {fileID: 0}
    m_Modifications:
    - target: {fileID: 402774, guid: b84b73491ac53a34095000876132a211, type: 2}
      propertyPath: m_LocalPosition.x
      value: 0
      objectReference: {fileID: 0}
    - target: {fileID: 402774, guid: b84b73491ac53a34095000876132a211, type: 2}
      propertyPath: m_LocalPosition.y
      value: 0
      objectReference: {fileID: 0}
    - target: {fileID: 402774, guid: b84b73491ac53a34095000876132a211, type: 2}
      propertyPath: m_LocalPosition.z
      value: 0
      objectReference: {fileID: 0}
    - target: {fileID: 402774, guid: b84b73491ac53a34095000876132a211, type: 2}
      propertyPath: m_LocalRotation.x
      value: 0
      objectReference: {fileID: 0}
    - target: {fileID: 402774, guid: b84b73491ac53a34095000876132a211, type: 2}
      propertyPath: m_LocalRotation.y
      value: 0
      objectReference: {fileID: 0}
    - target: {fileID: 402774, guid: b84b73491ac53a34095000876132a211, type: 2}
      propertyPath: m_LocalRotation.z
      value: 0
      objectReference: {fileID: 0}
    - target: {fileID: 402774, guid: b84b73491ac53a34095000876132a211, type: 2}
      propertyPath: m_LocalRotation.w
      value: 1
      objectReference: {fileID: 0}
    - target: {fileID: 402774, guid: b84b73491ac53a34095000876132a211, type: 2}
      propertyPath: m_RootOrder
      value: 0
      objectReference: {fileID: 0}
    m_RemovedComponents: []
  m_ParentPrefab: {fileID: 100100000, guid: b84b73491ac53a34095000876132a211, type: 2}
  m_IsPrefabParent: 0
--- !u!1 &178445702
GameObject:
  m_ObjectHideFlags: 0
  m_PrefabParentObject: {fileID: 0}
  m_PrefabInternal: {fileID: 0}
  serializedVersion: 4
  m_Component:
  - 4: {fileID: 178445703}
  m_Layer: 0
  m_Name: TotalAccelerationHolder
  m_TagString: Untagged
  m_Icon: {fileID: 0}
  m_NavMeshLayer: 0
  m_StaticEditorFlags: 0
  m_IsActive: 1
--- !u!4 &178445703
Transform:
  m_ObjectHideFlags: 0
  m_PrefabParentObject: {fileID: 0}
  m_PrefabInternal: {fileID: 0}
  m_GameObject: {fileID: 178445702}
  m_LocalRotation: {x: 0.7071068, y: 0, z: 0, w: 0.7071068}
  m_LocalPosition: {x: 0, y: 0, z: 0}
  m_LocalScale: {x: 1, y: 1, z: 1}
  m_LocalEulerAnglesHint: {x: 90, y: 0, z: 0}
  m_Children:
  - {fileID: 569978219}
  m_Father: {fileID: 1662559951}
  m_RootOrder: 5
--- !u!1001 &349634372
Prefab:
  m_ObjectHideFlags: 0
  serializedVersion: 2
  m_Modification:
    m_TransformParent: {fileID: 0}
    m_Modifications:
    - target: {fileID: 4000013535415816, guid: e4d025d7469d9b8469d09e1f7ec5744b, type: 2}
      propertyPath: m_LocalPosition.x
      value: 0
      objectReference: {fileID: 0}
    - target: {fileID: 4000013535415816, guid: e4d025d7469d9b8469d09e1f7ec5744b, type: 2}
      propertyPath: m_LocalPosition.y
      value: 0
      objectReference: {fileID: 0}
    - target: {fileID: 4000013535415816, guid: e4d025d7469d9b8469d09e1f7ec5744b, type: 2}
      propertyPath: m_LocalPosition.z
      value: 0
      objectReference: {fileID: 0}
    - target: {fileID: 4000013535415816, guid: e4d025d7469d9b8469d09e1f7ec5744b, type: 2}
      propertyPath: m_LocalRotation.x
      value: 0
      objectReference: {fileID: 0}
    - target: {fileID: 4000013535415816, guid: e4d025d7469d9b8469d09e1f7ec5744b, type: 2}
      propertyPath: m_LocalRotation.y
      value: 0
      objectReference: {fileID: 0}
    - target: {fileID: 4000013535415816, guid: e4d025d7469d9b8469d09e1f7ec5744b, type: 2}
      propertyPath: m_LocalRotation.z
      value: 0
      objectReference: {fileID: 0}
    - target: {fileID: 4000013535415816, guid: e4d025d7469d9b8469d09e1f7ec5744b, type: 2}
      propertyPath: m_LocalRotation.w
      value: 1
      objectReference: {fileID: 0}
    - target: {fileID: 4000013535415816, guid: e4d025d7469d9b8469d09e1f7ec5744b, type: 2}
      propertyPath: m_RootOrder
      value: 2
      objectReference: {fileID: 0}
    m_RemovedComponents: []
  m_ParentPrefab: {fileID: 100100000, guid: e4d025d7469d9b8469d09e1f7ec5744b, type: 2}
  m_IsPrefabParent: 0
--- !u!1001 &477474562
Prefab:
  m_ObjectHideFlags: 0
  serializedVersion: 2
  m_Modification:
    m_TransformParent: {fileID: 1662559951}
    m_Modifications:
    - target: {fileID: 4000012721501012, guid: d2a594b5f9d82314181274271af45033, type: 2}
      propertyPath: m_LocalPosition.x
      value: 0
      objectReference: {fileID: 0}
    - target: {fileID: 4000012721501012, guid: d2a594b5f9d82314181274271af45033, type: 2}
      propertyPath: m_LocalPosition.y
      value: 0
      objectReference: {fileID: 0}
    - target: {fileID: 4000012721501012, guid: d2a594b5f9d82314181274271af45033, type: 2}
      propertyPath: m_LocalPosition.z
      value: 0
      objectReference: {fileID: 0}
    - target: {fileID: 4000012721501012, guid: d2a594b5f9d82314181274271af45033, type: 2}
      propertyPath: m_LocalRotation.x
      value: -0
      objectReference: {fileID: 0}
    - target: {fileID: 4000012721501012, guid: d2a594b5f9d82314181274271af45033, type: 2}
      propertyPath: m_LocalRotation.y
      value: -0
      objectReference: {fileID: 0}
    - target: {fileID: 4000012721501012, guid: d2a594b5f9d82314181274271af45033, type: 2}
      propertyPath: m_LocalRotation.z
      value: -0
      objectReference: {fileID: 0}
    - target: {fileID: 4000012721501012, guid: d2a594b5f9d82314181274271af45033, type: 2}
      propertyPath: m_LocalRotation.w
      value: 1
      objectReference: {fileID: 0}
    - target: {fileID: 4000012721501012, guid: d2a594b5f9d82314181274271af45033, type: 2}
      propertyPath: m_RootOrder
      value: 3
      objectReference: {fileID: 0}
    - target: {fileID: 4000012721501012, guid: d2a594b5f9d82314181274271af45033, type: 2}
      propertyPath: m_LocalScale.x
      value: 3
      objectReference: {fileID: 0}
    - target: {fileID: 4000012721501012, guid: d2a594b5f9d82314181274271af45033, type: 2}
      propertyPath: m_LocalScale.y
      value: 3
      objectReference: {fileID: 0}
    - target: {fileID: 4000012721501012, guid: d2a594b5f9d82314181274271af45033, type: 2}
      propertyPath: m_LocalScale.z
      value: 3
      objectReference: {fileID: 0}
    - target: {fileID: 1000010755506906, guid: d2a594b5f9d82314181274271af45033, type: 2}
      propertyPath: m_IsActive
      value: 1
      objectReference: {fileID: 0}
    - target: {fileID: 1000010755506906, guid: d2a594b5f9d82314181274271af45033, type: 2}
      propertyPath: m_Name
      value: YVelocity
      objectReference: {fileID: 0}
    m_RemovedComponents: []
  m_ParentPrefab: {fileID: 100100000, guid: d2a594b5f9d82314181274271af45033, type: 2}
  m_IsPrefabParent: 0
--- !u!4 &477474563 stripped
Transform:
  m_PrefabParentObject: {fileID: 4000012721501012, guid: d2a594b5f9d82314181274271af45033,
    type: 2}
  m_PrefabInternal: {fileID: 477474562}
--- !u!1001 &569978218
Prefab:
  m_ObjectHideFlags: 0
  serializedVersion: 2
  m_Modification:
    m_TransformParent: {fileID: 178445703}
    m_Modifications:
    - target: {fileID: 4000012226815286, guid: e11d30810b5afa14c85013e2284811f7, type: 2}
      propertyPath: m_LocalPosition.x
      value: 0
      objectReference: {fileID: 0}
    - target: {fileID: 4000012226815286, guid: e11d30810b5afa14c85013e2284811f7, type: 2}
      propertyPath: m_LocalPosition.y
      value: -0
      objectReference: {fileID: 0}
    - target: {fileID: 4000012226815286, guid: e11d30810b5afa14c85013e2284811f7, type: 2}
      propertyPath: m_LocalPosition.z
      value: 0
      objectReference: {fileID: 0}
    - target: {fileID: 4000012226815286, guid: e11d30810b5afa14c85013e2284811f7, type: 2}
      propertyPath: m_LocalRotation.x
      value: -0.27059805
      objectReference: {fileID: 0}
    - target: {fileID: 4000012226815286, guid: e11d30810b5afa14c85013e2284811f7, type: 2}
      propertyPath: m_LocalRotation.y
      value: 0.6532815
      objectReference: {fileID: 0}
    - target: {fileID: 4000012226815286, guid: e11d30810b5afa14c85013e2284811f7, type: 2}
      propertyPath: m_LocalRotation.z
      value: 0.6532815
      objectReference: {fileID: 0}
    - target: {fileID: 4000012226815286, guid: e11d30810b5afa14c85013e2284811f7, type: 2}
      propertyPath: m_LocalRotation.w
      value: 0.27059805
      objectReference: {fileID: 0}
    - target: {fileID: 4000012226815286, guid: e11d30810b5afa14c85013e2284811f7, type: 2}
      propertyPath: m_RootOrder
      value: 0
      objectReference: {fileID: 0}
    - target: {fileID: 1000011898056388, guid: e11d30810b5afa14c85013e2284811f7, type: 2}
      propertyPath: m_Name
      value: TotalAcceleration
      objectReference: {fileID: 0}
    - target: {fileID: 4000012226815286, guid: e11d30810b5afa14c85013e2284811f7, type: 2}
      propertyPath: m_LocalEulerAnglesHint.x
      value: -90
      objectReference: {fileID: 0}
    - target: {fileID: 4000012226815286, guid: e11d30810b5afa14c85013e2284811f7, type: 2}
      propertyPath: m_LocalEulerAnglesHint.z
      value: 135
      objectReference: {fileID: 0}
    - target: {fileID: 4000012226815286, guid: e11d30810b5afa14c85013e2284811f7, type: 2}
      propertyPath: m_LocalScale.x
      value: 3
      objectReference: {fileID: 0}
    - target: {fileID: 4000012226815286, guid: e11d30810b5afa14c85013e2284811f7, type: 2}
      propertyPath: m_LocalScale.y
      value: 3
      objectReference: {fileID: 0}
    - target: {fileID: 4000012226815286, guid: e11d30810b5afa14c85013e2284811f7, type: 2}
      propertyPath: m_LocalScale.z
      value: 3
      objectReference: {fileID: 0}
    m_RemovedComponents: []
  m_ParentPrefab: {fileID: 100100000, guid: e11d30810b5afa14c85013e2284811f7, type: 2}
  m_IsPrefabParent: 0
--- !u!4 &569978219 stripped
Transform:
  m_PrefabParentObject: {fileID: 4000012226815286, guid: e11d30810b5afa14c85013e2284811f7,
    type: 2}
  m_PrefabInternal: {fileID: 569978218}
--- !u!1001 &636115268
Prefab:
  m_ObjectHideFlags: 0
  serializedVersion: 2
  m_Modification:
    m_TransformParent: {fileID: 1662559951}
    m_Modifications:
    - target: {fileID: 4000012326645744, guid: a761c74eceab594439a8a3fc53f11d4c, type: 2}
      propertyPath: m_LocalPosition.x
      value: 0
      objectReference: {fileID: 0}
    - target: {fileID: 4000012326645744, guid: a761c74eceab594439a8a3fc53f11d4c, type: 2}
      propertyPath: m_LocalPosition.y
      value: 0
      objectReference: {fileID: 0}
    - target: {fileID: 4000012326645744, guid: a761c74eceab594439a8a3fc53f11d4c, type: 2}
      propertyPath: m_LocalPosition.z
      value: 0
      objectReference: {fileID: 0}
    - target: {fileID: 4000012326645744, guid: a761c74eceab594439a8a3fc53f11d4c, type: 2}
      propertyPath: m_LocalRotation.x
      value: 0.7071068
      objectReference: {fileID: 0}
    - target: {fileID: 4000012326645744, guid: a761c74eceab594439a8a3fc53f11d4c, type: 2}
      propertyPath: m_LocalRotation.y
      value: 0
      objectReference: {fileID: 0}
    - target: {fileID: 4000012326645744, guid: a761c74eceab594439a8a3fc53f11d4c, type: 2}
      propertyPath: m_LocalRotation.z
      value: 0
      objectReference: {fileID: 0}
    - target: {fileID: 4000012326645744, guid: a761c74eceab594439a8a3fc53f11d4c, type: 2}
      propertyPath: m_LocalRotation.w
      value: 0.7071068
      objectReference: {fileID: 0}
    - target: {fileID: 4000012326645744, guid: a761c74eceab594439a8a3fc53f11d4c, type: 2}
      propertyPath: m_RootOrder
      value: 0
      objectReference: {fileID: 0}
    - target: {fileID: 4000012326645744, guid: a761c74eceab594439a8a3fc53f11d4c, type: 2}
      propertyPath: m_LocalEulerAnglesHint.z
      value: 0
      objectReference: {fileID: 0}
    - target: {fileID: 4000012326645744, guid: a761c74eceab594439a8a3fc53f11d4c, type: 2}
      propertyPath: m_LocalScale.x
      value: 3
      objectReference: {fileID: 0}
    - target: {fileID: 4000012326645744, guid: a761c74eceab594439a8a3fc53f11d4c, type: 2}
      propertyPath: m_LocalScale.y
      value: 3
      objectReference: {fileID: 0}
    - target: {fileID: 4000012326645744, guid: a761c74eceab594439a8a3fc53f11d4c, type: 2}
      propertyPath: m_LocalScale.z
      value: 3
      objectReference: {fileID: 0}
    - target: {fileID: 1000013782261526, guid: a761c74eceab594439a8a3fc53f11d4c, type: 2}
      propertyPath: m_IsActive
      value: 1
      objectReference: {fileID: 0}
    - target: {fileID: 1000013782261526, guid: a761c74eceab594439a8a3fc53f11d4c, type: 2}
      propertyPath: m_Name
      value: ZVelocity
      objectReference: {fileID: 0}
    - target: {fileID: 4000012326645744, guid: a761c74eceab594439a8a3fc53f11d4c, type: 2}
      propertyPath: m_LocalEulerAnglesHint.x
      value: 90
      objectReference: {fileID: 0}
    m_RemovedComponents: []
  m_ParentPrefab: {fileID: 100100000, guid: a761c74eceab594439a8a3fc53f11d4c, type: 2}
  m_IsPrefabParent: 0
--- !u!4 &636115269 stripped
Transform:
  m_PrefabParentObject: {fileID: 4000012326645744, guid: a761c74eceab594439a8a3fc53f11d4c,
    type: 2}
  m_PrefabInternal: {fileID: 636115268}
--- !u!1 &728638237
GameObject:
  m_ObjectHideFlags: 0
  m_PrefabParentObject: {fileID: 0}
  m_PrefabInternal: {fileID: 0}
  serializedVersion: 4
  m_Component:
  - 4: {fileID: 728638238}
  - 135: {fileID: 728638239}
  m_Layer: 0
  m_Name: Goal
  m_TagString: Untagged
  m_Icon: {fileID: 0}
  m_NavMeshLayer: 0
  m_StaticEditorFlags: 0
  m_IsActive: 1
--- !u!4 &728638238
Transform:
  m_ObjectHideFlags: 0
  m_PrefabParentObject: {fileID: 0}
  m_PrefabInternal: {fileID: 0}
  m_GameObject: {fileID: 728638237}
  m_LocalRotation: {x: 0, y: 0, z: 0, w: 1}
  m_LocalPosition: {x: 0.7, y: 0, z: 0.5}
  m_LocalScale: {x: 2, y: 2, z: 2}
  m_LocalEulerAnglesHint: {x: 0, y: 0, z: 0}
  m_Children:
  - {fileID: 957625185}
  m_Father: {fileID: 1683323199}
  m_RootOrder: 1
--- !u!135 &728638239
SphereCollider:
  m_ObjectHideFlags: 0
  m_PrefabParentObject: {fileID: 0}
  m_PrefabInternal: {fileID: 0}
  m_GameObject: {fileID: 728638237}
  m_Material: {fileID: 0}
  m_IsTrigger: 1
  m_Enabled: 1
  serializedVersion: 2
  m_Radius: 0.15
  m_Center: {x: 0, y: 0, z: 0}
--- !u!1 &743147319
GameObject:
  m_ObjectHideFlags: 0
  m_PrefabParentObject: {fileID: 0}
  m_PrefabInternal: {fileID: 0}
  serializedVersion: 4
  m_Component:
  - 4: {fileID: 743147324}
  - 114: {fileID: 743147323}
  - 114: {fileID: 743147322}
  - 114: {fileID: 743147321}
  - 114: {fileID: 743147320}
  - 114: {fileID: 743147325}
  m_Layer: 0
  m_Name: Manager
  m_TagString: Untagged
  m_Icon: {fileID: 0}
  m_NavMeshLayer: 0
  m_StaticEditorFlags: 0
  m_IsActive: 1
--- !u!114 &743147320
MonoBehaviour:
  m_ObjectHideFlags: 0
  m_PrefabParentObject: {fileID: 0}
  m_PrefabInternal: {fileID: 0}
  m_GameObject: {fileID: 743147319}
  m_Enabled: 1
  m_EditorHideFlags: 0
  m_Script: {fileID: 11500000, guid: cef26a362f41c5248aca879be2a5f04b, type: 3}
  m_Name: 
  m_EditorClassIdentifier: 
  FingerPressedSound: {fileID: 0}
--- !u!114 &743147321
MonoBehaviour:
  m_ObjectHideFlags: 0
  m_PrefabParentObject: {fileID: 0}
  m_PrefabInternal: {fileID: 0}
  m_GameObject: {fileID: 743147319}
  m_Enabled: 1
  m_EditorHideFlags: 0
  m_Script: {fileID: 11500000, guid: 3acd7c9f67270004cb64fc99aa56a5e1, type: 3}
  m_Name: 
  m_EditorClassIdentifier: 
  RotationSensitivity: 10
--- !u!114 &743147322
MonoBehaviour:
  m_ObjectHideFlags: 0
  m_PrefabParentObject: {fileID: 0}
  m_PrefabInternal: {fileID: 0}
  m_GameObject: {fileID: 743147319}
  m_Enabled: 1
  m_EditorHideFlags: 0
  m_Script: {fileID: 11500000, guid: 94c1fd2ccb6e3e5449429462b44a8229, type: 3}
  m_Name: 
  m_EditorClassIdentifier: 
  LaunchableObject: {fileID: 0}
  keyboardSelectKey: 32
  MouseSelectButton: 1
--- !u!114 &743147323
MonoBehaviour:
  m_ObjectHideFlags: 0
  m_PrefabParentObject: {fileID: 0}
  m_PrefabInternal: {fileID: 0}
  m_GameObject: {fileID: 743147319}
  m_Enabled: 1
  m_EditorHideFlags: 0
  m_Script: {fileID: 11500000, guid: 4d1a2a33ffcac354298137001635a001, type: 3}
  m_Name: 
  m_EditorClassIdentifier: 
  MaxGazeDistance: 15
  RaycastLayerMask:
    serializedVersion: 2
    m_Bits: 4294967291
  SetStabilizationPlane: 1
  LerpStabilizationPlanePowerCloser: 4
  LerpStabilizationPlanePowerFarther: 7
  UseBuiltInGazeStabilization: 1
--- !u!4 &743147324
Transform:
  m_ObjectHideFlags: 0
  m_PrefabParentObject: {fileID: 0}
  m_PrefabInternal: {fileID: 0}
  m_GameObject: {fileID: 743147319}
  m_LocalRotation: {x: 0, y: 0, z: 0, w: 1}
  m_LocalPosition: {x: 0.049504995, y: -0.49079597, z: 4.868356}
  m_LocalScale: {x: 1, y: 1, z: 1}
  m_LocalEulerAnglesHint: {x: 0, y: 0, z: 0}
  m_Children: []
  m_Father: {fileID: 0}
  m_RootOrder: 3
--- !u!114 &743147325
MonoBehaviour:
  m_ObjectHideFlags: 0
  m_PrefabParentObject: {fileID: 0}
  m_PrefabInternal: {fileID: 0}
  m_GameObject: {fileID: 743147319}
  m_Enabled: 1
  m_EditorHideFlags: 0
  m_Script: {fileID: 11500000, guid: 3d24daa77cd52dc43bbad87c898f5022, type: 3}
  m_Name: 
  m_EditorClassIdentifier: 
--- !u!1001 &919694163
Prefab:
  m_ObjectHideFlags: 0
  serializedVersion: 2
  m_Modification:
    m_TransformParent: {fileID: 1662559951}
    m_Modifications:
    - target: {fileID: 4000012326645744, guid: a761c74eceab594439a8a3fc53f11d4c, type: 2}
      propertyPath: m_LocalPosition.x
      value: 0
      objectReference: {fileID: 0}
    - target: {fileID: 4000012326645744, guid: a761c74eceab594439a8a3fc53f11d4c, type: 2}
      propertyPath: m_LocalPosition.y
      value: 0
      objectReference: {fileID: 0}
    - target: {fileID: 4000012326645744, guid: a761c74eceab594439a8a3fc53f11d4c, type: 2}
      propertyPath: m_LocalPosition.z
      value: -0
      objectReference: {fileID: 0}
    - target: {fileID: 4000012326645744, guid: a761c74eceab594439a8a3fc53f11d4c, type: 2}
      propertyPath: m_LocalRotation.x
      value: 0
      objectReference: {fileID: 0}
    - target: {fileID: 4000012326645744, guid: a761c74eceab594439a8a3fc53f11d4c, type: 2}
      propertyPath: m_LocalRotation.y
      value: 0
      objectReference: {fileID: 0}
    - target: {fileID: 4000012326645744, guid: a761c74eceab594439a8a3fc53f11d4c, type: 2}
      propertyPath: m_LocalRotation.z
      value: -0.7071068
      objectReference: {fileID: 0}
    - target: {fileID: 4000012326645744, guid: a761c74eceab594439a8a3fc53f11d4c, type: 2}
      propertyPath: m_LocalRotation.w
      value: 0.7071068
      objectReference: {fileID: 0}
    - target: {fileID: 4000012326645744, guid: a761c74eceab594439a8a3fc53f11d4c, type: 2}
      propertyPath: m_RootOrder
      value: 4
      objectReference: {fileID: 0}
    - target: {fileID: 4000012326645744, guid: a761c74eceab594439a8a3fc53f11d4c, type: 2}
      propertyPath: m_LocalEulerAnglesHint.z
      value: -90
      objectReference: {fileID: 0}
    - target: {fileID: 4000012326645744, guid: a761c74eceab594439a8a3fc53f11d4c, type: 2}
      propertyPath: m_LocalScale.x
      value: 3
      objectReference: {fileID: 0}
    - target: {fileID: 4000012326645744, guid: a761c74eceab594439a8a3fc53f11d4c, type: 2}
      propertyPath: m_LocalScale.y
      value: 3
      objectReference: {fileID: 0}
    - target: {fileID: 4000012326645744, guid: a761c74eceab594439a8a3fc53f11d4c, type: 2}
      propertyPath: m_LocalScale.z
      value: 3
      objectReference: {fileID: 0}
    - target: {fileID: 1000013782261526, guid: a761c74eceab594439a8a3fc53f11d4c, type: 2}
      propertyPath: m_IsActive
      value: 1
      objectReference: {fileID: 0}
    - target: {fileID: 1000013782261526, guid: a761c74eceab594439a8a3fc53f11d4c, type: 2}
      propertyPath: m_Name
      value: XVelocity
      objectReference: {fileID: 0}
    m_RemovedComponents: []
  m_ParentPrefab: {fileID: 100100000, guid: a761c74eceab594439a8a3fc53f11d4c, type: 2}
  m_IsPrefabParent: 0
--- !u!4 &919694164 stripped
Transform:
  m_PrefabParentObject: {fileID: 4000012326645744, guid: a761c74eceab594439a8a3fc53f11d4c,
    type: 2}
  m_PrefabInternal: {fileID: 919694163}
--- !u!1001 &920780733
Prefab:
  m_ObjectHideFlags: 0
  serializedVersion: 2
  m_Modification:
    m_TransformParent: {fileID: 1416450278}
    m_Modifications:
    - target: {fileID: 4000012326645744, guid: a761c74eceab594439a8a3fc53f11d4c, type: 2}
      propertyPath: m_LocalPosition.x
      value: 0
      objectReference: {fileID: 0}
    - target: {fileID: 4000012326645744, guid: a761c74eceab594439a8a3fc53f11d4c, type: 2}
      propertyPath: m_LocalPosition.y
      value: 0
      objectReference: {fileID: 0}
    - target: {fileID: 4000012326645744, guid: a761c74eceab594439a8a3fc53f11d4c, type: 2}
      propertyPath: m_LocalPosition.z
      value: 0
      objectReference: {fileID: 0}
    - target: {fileID: 4000012326645744, guid: a761c74eceab594439a8a3fc53f11d4c, type: 2}
      propertyPath: m_LocalRotation.x
      value: 0.7071068
      objectReference: {fileID: 0}
    - target: {fileID: 4000012326645744, guid: a761c74eceab594439a8a3fc53f11d4c, type: 2}
      propertyPath: m_LocalRotation.y
      value: 0
      objectReference: {fileID: 0}
    - target: {fileID: 4000012326645744, guid: a761c74eceab594439a8a3fc53f11d4c, type: 2}
      propertyPath: m_LocalRotation.z
      value: 0
      objectReference: {fileID: 0}
    - target: {fileID: 4000012326645744, guid: a761c74eceab594439a8a3fc53f11d4c, type: 2}
      propertyPath: m_LocalRotation.w
      value: 0.7071068
      objectReference: {fileID: 0}
    - target: {fileID: 4000012326645744, guid: a761c74eceab594439a8a3fc53f11d4c, type: 2}
      propertyPath: m_RootOrder
      value: 0
      objectReference: {fileID: 0}
    - target: {fileID: 1000013782261526, guid: a761c74eceab594439a8a3fc53f11d4c, type: 2}
      propertyPath: m_Name
      value: TotalVelocity
      objectReference: {fileID: 0}
    - target: {fileID: 4000012326645744, guid: a761c74eceab594439a8a3fc53f11d4c, type: 2}
      propertyPath: m_LocalEulerAnglesHint.z
      value: 0
      objectReference: {fileID: 0}
    - target: {fileID: 4000012326645744, guid: a761c74eceab594439a8a3fc53f11d4c, type: 2}
      propertyPath: m_LocalScale.x
      value: 9.530998
      objectReference: {fileID: 0}
    - target: {fileID: 4000012326645744, guid: a761c74eceab594439a8a3fc53f11d4c, type: 2}
      propertyPath: m_LocalScale.y
      value: 9.53
      objectReference: {fileID: 0}
    - target: {fileID: 4000012326645744, guid: a761c74eceab594439a8a3fc53f11d4c, type: 2}
      propertyPath: m_LocalScale.z
      value: 9.53
      objectReference: {fileID: 0}
    - target: {fileID: 1000013782261526, guid: a761c74eceab594439a8a3fc53f11d4c, type: 2}
      propertyPath: m_IsActive
      value: 1
      objectReference: {fileID: 0}
    - target: {fileID: 23000013553942216, guid: a761c74eceab594439a8a3fc53f11d4c,
        type: 2}
      propertyPath: m_Materials.Array.data[0]
      value: 
      objectReference: {fileID: 2100000, guid: 7f2784ef7a8fc324791afb12a3f1d024, type: 2}
    - target: {fileID: 4000012326645744, guid: a761c74eceab594439a8a3fc53f11d4c, type: 2}
      propertyPath: m_LocalEulerAnglesHint.x
      value: 90
      objectReference: {fileID: 0}
    m_RemovedComponents: []
  m_ParentPrefab: {fileID: 100100000, guid: a761c74eceab594439a8a3fc53f11d4c, type: 2}
  m_IsPrefabParent: 0
--- !u!4 &920780734 stripped
Transform:
  m_PrefabParentObject: {fileID: 4000012326645744, guid: a761c74eceab594439a8a3fc53f11d4c,
    type: 2}
  m_PrefabInternal: {fileID: 920780733}
--- !u!1 &920780735 stripped
GameObject:
  m_PrefabParentObject: {fileID: 1000013782261526, guid: a761c74eceab594439a8a3fc53f11d4c,
    type: 2}
  m_PrefabInternal: {fileID: 920780733}
--- !u!114 &920780736
MonoBehaviour:
  m_ObjectHideFlags: 0
  m_PrefabParentObject: {fileID: 0}
  m_PrefabInternal: {fileID: 0}
  m_GameObject: {fileID: 920780735}
  m_Enabled: 1
  m_EditorHideFlags: 0
  m_Script: {fileID: 11500000, guid: d88d9544bd24cd641a4e83e728cbb048, type: 3}
  m_Name: 
  m_EditorClassIdentifier: 
--- !u!114 &920780737
MonoBehaviour:
  m_ObjectHideFlags: 0
  m_PrefabParentObject: {fileID: 0}
  m_PrefabInternal: {fileID: 0}
  m_GameObject: {fileID: 920780735}
  m_Enabled: 1
  m_EditorHideFlags: 0
  m_Script: {fileID: 11500000, guid: 766749bb94400a54c88da59b17f935be, type: 3}
  m_Name: 
  m_EditorClassIdentifier: 
  ScalingSenitivity: 10
  RotationSensitivity: 10
--- !u!1 &954790559
GameObject:
  m_ObjectHideFlags: 0
  m_PrefabParentObject: {fileID: 0}
  m_PrefabInternal: {fileID: 0}
  serializedVersion: 4
  m_Component:
  - 4: {fileID: 954790560}
  - 23: {fileID: 954790564}
  - 102: {fileID: 954790563}
  - 114: {fileID: 954790562}
  - 65: {fileID: 954790561}
  m_Layer: 0
  m_Name: particle_1
  m_TagString: Untagged
  m_Icon: {fileID: 0}
  m_NavMeshLayer: 0
  m_StaticEditorFlags: 0
  m_IsActive: 1
--- !u!4 &954790560
Transform:
  m_ObjectHideFlags: 0
  m_PrefabParentObject: {fileID: 0}
  m_PrefabInternal: {fileID: 0}
  m_GameObject: {fileID: 954790559}
  m_LocalRotation: {x: -0, y: -0, z: -0, w: 1}
  m_LocalPosition: {x: -0.64562994, y: -0.17909378, z: -0.0036931038}
  m_LocalScale: {x: 0.3, y: 0.3, z: 0.3}
  m_LocalEulerAnglesHint: {x: 0, y: 0, z: 0}
  m_Children: []
  m_Father: {fileID: 1917408760}
  m_RootOrder: 0
--- !u!65 &954790561
BoxCollider:
  m_ObjectHideFlags: 0
  m_PrefabParentObject: {fileID: 0}
  m_PrefabInternal: {fileID: 0}
  m_GameObject: {fileID: 954790559}
  m_Material: {fileID: 0}
  m_IsTrigger: 0
  m_Enabled: 1
  serializedVersion: 2
  m_Size: {x: 2.2, y: 0.5, z: 0}
  m_Center: {x: 0.1, y: 0, z: 0}
--- !u!114 &954790562
MonoBehaviour:
  m_ObjectHideFlags: 0
  m_PrefabParentObject: {fileID: 0}
  m_PrefabInternal: {fileID: 0}
  m_GameObject: {fileID: 954790559}
  m_Enabled: 1
  m_EditorHideFlags: 0
  m_Script: {fileID: 11500000, guid: fbaaa86310b2deb48a8a924956841a35, type: 3}
  m_Name: 
  m_EditorClassIdentifier: 
--- !u!102 &954790563
TextMesh:
  serializedVersion: 3
  m_ObjectHideFlags: 0
  m_PrefabParentObject: {fileID: 0}
  m_PrefabInternal: {fileID: 0}
  m_GameObject: {fileID: 954790559}
  m_Text: Replay
  m_OffsetZ: 0
  m_CharacterSize: 0.1
  m_LineSpacing: 1
  m_Anchor: 4
  m_Alignment: 1
  m_TabSize: 4
  m_FontSize: 50
  m_FontStyle: 0
  m_RichText: 1
  m_Font: {fileID: 12800000, guid: 7bc8f4815a4ab2e4fbc23fc239d1c0c6, type: 3}
  m_Color:
    serializedVersion: 2
    rgba: 4294967295
--- !u!23 &954790564
MeshRenderer:
  m_ObjectHideFlags: 0
  m_PrefabParentObject: {fileID: 0}
  m_PrefabInternal: {fileID: 0}
  m_GameObject: {fileID: 954790559}
  m_Enabled: 1
  m_CastShadows: 1
  m_ReceiveShadows: 1
  m_MotionVectors: 1
  m_LightProbeUsage: 1
  m_ReflectionProbeUsage: 1
  m_Materials:
  - {fileID: 2100000, guid: 7bc8f4815a4ab2e4fbc23fc239d1c0c6, type: 3}
  m_SubsetIndices: 
  m_StaticBatchRoot: {fileID: 0}
  m_ProbeAnchor: {fileID: 0}
  m_LightProbeVolumeOverride: {fileID: 0}
  m_ScaleInLightmap: 1
  m_PreserveUVs: 0
  m_IgnoreNormalsForChartDetection: 0
  m_ImportantGI: 0
  m_SelectedWireframeHidden: 0
  m_MinimumChartSize: 4
  m_AutoUVMaxDistance: 0.5
  m_AutoUVMaxAngle: 89
  m_LightmapParameters: {fileID: 0}
  m_SortingLayerID: 0
  m_SortingOrder: 0
--- !u!1 &957625181
GameObject:
  m_ObjectHideFlags: 0
  m_PrefabParentObject: {fileID: 0}
  m_PrefabInternal: {fileID: 0}
  serializedVersion: 4
  m_Component:
  - 4: {fileID: 957625185}
  - 33: {fileID: 957625184}
  - 135: {fileID: 957625183}
  - 23: {fileID: 957625182}
  m_Layer: 0
  m_Name: Sphere
  m_TagString: Untagged
  m_Icon: {fileID: 0}
  m_NavMeshLayer: 0
  m_StaticEditorFlags: 0
  m_IsActive: 1
--- !u!23 &957625182
MeshRenderer:
  m_ObjectHideFlags: 0
  m_PrefabParentObject: {fileID: 0}
  m_PrefabInternal: {fileID: 0}
  m_GameObject: {fileID: 957625181}
  m_Enabled: 1
  m_CastShadows: 1
  m_ReceiveShadows: 1
  m_MotionVectors: 1
  m_LightProbeUsage: 1
  m_ReflectionProbeUsage: 1
  m_Materials:
  - {fileID: 2100000, guid: b72dd374c8edb354aa3be7738a6871cf, type: 2}
  m_SubsetIndices: 
  m_StaticBatchRoot: {fileID: 0}
  m_ProbeAnchor: {fileID: 0}
  m_LightProbeVolumeOverride: {fileID: 0}
  m_ScaleInLightmap: 1
  m_PreserveUVs: 1
  m_IgnoreNormalsForChartDetection: 0
  m_ImportantGI: 0
  m_SelectedWireframeHidden: 0
  m_MinimumChartSize: 4
  m_AutoUVMaxDistance: 0.5
  m_AutoUVMaxAngle: 89
  m_LightmapParameters: {fileID: 0}
  m_SortingLayerID: 0
  m_SortingOrder: 0
--- !u!135 &957625183
SphereCollider:
  m_ObjectHideFlags: 0
  m_PrefabParentObject: {fileID: 0}
  m_PrefabInternal: {fileID: 0}
  m_GameObject: {fileID: 957625181}
  m_Material: {fileID: 0}
  m_IsTrigger: 0
  m_Enabled: 1
  serializedVersion: 2
  m_Radius: 0.5
  m_Center: {x: 0, y: 0, z: 0}
--- !u!33 &957625184
MeshFilter:
  m_ObjectHideFlags: 0
  m_PrefabParentObject: {fileID: 0}
  m_PrefabInternal: {fileID: 0}
  m_GameObject: {fileID: 957625181}
  m_Mesh: {fileID: 10207, guid: 0000000000000000e000000000000000, type: 0}
--- !u!4 &957625185
Transform:
  m_ObjectHideFlags: 0
  m_PrefabParentObject: {fileID: 0}
  m_PrefabInternal: {fileID: 0}
  m_GameObject: {fileID: 957625181}
  m_LocalRotation: {x: -0, y: -0, z: -0, w: 1}
  m_LocalPosition: {x: 0.19000003, y: -0.034999996, z: 0.014999986}
  m_LocalScale: {x: 0.5, y: 0.5, z: 0.5}
  m_LocalEulerAnglesHint: {x: 0, y: 0, z: 0}
  m_Children: []
  m_Father: {fileID: 728638238}
  m_RootOrder: 0
--- !u!1 &1145225141
GameObject:
  m_ObjectHideFlags: 0
  m_PrefabParentObject: {fileID: 0}
  m_PrefabInternal: {fileID: 0}
  serializedVersion: 4
  m_Component:
  - 4: {fileID: 1145225142}
  - 33: {fileID: 1145225146}
  - 135: {fileID: 1145225145}
  - 23: {fileID: 1145225144}
  - 122: {fileID: 1145225143}
  m_Layer: 0
  m_Name: Sphere
  m_TagString: Untagged
  m_Icon: {fileID: 0}
  m_NavMeshLayer: 0
  m_StaticEditorFlags: 0
  m_IsActive: 1
--- !u!4 &1145225142
Transform:
  m_ObjectHideFlags: 0
  m_PrefabParentObject: {fileID: 0}
  m_PrefabInternal: {fileID: 0}
  m_GameObject: {fileID: 1145225141}
  m_LocalRotation: {x: -0, y: -0, z: -0, w: 1}
  m_LocalPosition: {x: 0, y: 0, z: 0}
  m_LocalScale: {x: 0.1, y: 0.1, z: 0.1}
  m_LocalEulerAnglesHint: {x: 0, y: 0, z: 0}
  m_Children: []
  m_Father: {fileID: 1662559951}
  m_RootOrder: 2
--- !u!122 &1145225143
Halo:
  m_ObjectHideFlags: 0
  m_PrefabParentObject: {fileID: 0}
  m_PrefabInternal: {fileID: 0}
  m_GameObject: {fileID: 1145225141}
  m_Enabled: 1
  m_Color:
    serializedVersion: 2
    rgba: 4278190335
  m_Size: 0.5
--- !u!23 &1145225144
MeshRenderer:
  m_ObjectHideFlags: 0
  m_PrefabParentObject: {fileID: 0}
  m_PrefabInternal: {fileID: 0}
  m_GameObject: {fileID: 1145225141}
  m_Enabled: 1
  m_CastShadows: 1
  m_ReceiveShadows: 1
  m_MotionVectors: 1
  m_LightProbeUsage: 1
  m_ReflectionProbeUsage: 1
  m_Materials:
  - {fileID: 10303, guid: 0000000000000000f000000000000000, type: 0}
  m_SubsetIndices: 
  m_StaticBatchRoot: {fileID: 0}
  m_ProbeAnchor: {fileID: 0}
  m_LightProbeVolumeOverride: {fileID: 0}
  m_ScaleInLightmap: 1
  m_PreserveUVs: 1
  m_IgnoreNormalsForChartDetection: 0
  m_ImportantGI: 0
  m_SelectedWireframeHidden: 0
  m_MinimumChartSize: 4
  m_AutoUVMaxDistance: 0.5
  m_AutoUVMaxAngle: 89
  m_LightmapParameters: {fileID: 0}
  m_SortingLayerID: 0
  m_SortingOrder: 0
--- !u!135 &1145225145
SphereCollider:
  m_ObjectHideFlags: 0
  m_PrefabParentObject: {fileID: 0}
  m_PrefabInternal: {fileID: 0}
  m_GameObject: {fileID: 1145225141}
  m_Material: {fileID: 0}
  m_IsTrigger: 0
  m_Enabled: 1
  serializedVersion: 2
  m_Radius: 0.5
  m_Center: {x: 0, y: 0, z: 0}
--- !u!33 &1145225146
MeshFilter:
  m_ObjectHideFlags: 0
  m_PrefabParentObject: {fileID: 0}
  m_PrefabInternal: {fileID: 0}
  m_GameObject: {fileID: 1145225141}
  m_Mesh: {fileID: 10207, guid: 0000000000000000e000000000000000, type: 0}
--- !u!1 &1306546830
GameObject:
  m_ObjectHideFlags: 0
  m_PrefabParentObject: {fileID: 0}
  m_PrefabInternal: {fileID: 0}
  serializedVersion: 4
  m_Component:
  - 4: {fileID: 1306546831}
  - 23: {fileID: 1306546835}
  - 102: {fileID: 1306546834}
  - 65: {fileID: 1306546833}
  - 114: {fileID: 1306546832}
  m_Layer: 0
  m_Name: tutorial_p2
  m_TagString: Untagged
  m_Icon: {fileID: 0}
  m_NavMeshLayer: 0
  m_StaticEditorFlags: 0
  m_IsActive: 1
--- !u!4 &1306546831
Transform:
  m_ObjectHideFlags: 0
  m_PrefabParentObject: {fileID: 0}
  m_PrefabInternal: {fileID: 0}
  m_GameObject: {fileID: 1306546830}
  m_LocalRotation: {x: -0, y: -0, z: -0, w: 1}
  m_LocalPosition: {x: 0.022370037, y: 0.072906196, z: -0.0036931038}
  m_LocalScale: {x: 0.3, y: 0.3, z: 0.3}
  m_LocalEulerAnglesHint: {x: 0, y: 0, z: 0}
  m_Children: []
  m_Father: {fileID: 1917408760}
  m_RootOrder: 1
--- !u!114 &1306546832
MonoBehaviour:
  m_ObjectHideFlags: 0
  m_PrefabParentObject: {fileID: 0}
  m_PrefabInternal: {fileID: 0}
  m_GameObject: {fileID: 1306546830}
  m_Enabled: 1
  m_EditorHideFlags: 0
  m_Script: {fileID: 11500000, guid: fbaaa86310b2deb48a8a924956841a35, type: 3}
  m_Name: 
  m_EditorClassIdentifier: 
--- !u!65 &1306546833
BoxCollider:
  m_ObjectHideFlags: 0
  m_PrefabParentObject: {fileID: 0}
  m_PrefabInternal: {fileID: 0}
  m_GameObject: {fileID: 1306546830}
  m_Material: {fileID: 0}
  m_IsTrigger: 0
  m_Enabled: 1
  serializedVersion: 2
  m_Size: {x: 3, y: 0.5, z: 0}
  m_Center: {x: 0.15, y: 0, z: 0}
--- !u!102 &1306546834
TextMesh:
  serializedVersion: 3
  m_ObjectHideFlags: 0
  m_PrefabParentObject: {fileID: 0}
  m_PrefabInternal: {fileID: 0}
  m_GameObject: {fileID: 1306546830}
  m_Text: Next Level
  m_OffsetZ: 0
  m_CharacterSize: 0.1
  m_LineSpacing: 1
  m_Anchor: 4
  m_Alignment: 1
  m_TabSize: 4
  m_FontSize: 50
  m_FontStyle: 0
  m_RichText: 1
  m_Font: {fileID: 12800000, guid: 7bc8f4815a4ab2e4fbc23fc239d1c0c6, type: 3}
  m_Color:
    serializedVersion: 2
    rgba: 4278255615
--- !u!23 &1306546835
MeshRenderer:
  m_ObjectHideFlags: 0
  m_PrefabParentObject: {fileID: 0}
  m_PrefabInternal: {fileID: 0}
  m_GameObject: {fileID: 1306546830}
  m_Enabled: 1
  m_CastShadows: 1
  m_ReceiveShadows: 1
  m_MotionVectors: 1
  m_LightProbeUsage: 1
  m_ReflectionProbeUsage: 1
  m_Materials:
  - {fileID: 2100000, guid: 7bc8f4815a4ab2e4fbc23fc239d1c0c6, type: 3}
  m_SubsetIndices: 
  m_StaticBatchRoot: {fileID: 0}
  m_ProbeAnchor: {fileID: 0}
  m_LightProbeVolumeOverride: {fileID: 0}
  m_ScaleInLightmap: 1
  m_PreserveUVs: 0
  m_IgnoreNormalsForChartDetection: 0
  m_ImportantGI: 0
  m_SelectedWireframeHidden: 0
  m_MinimumChartSize: 4
  m_AutoUVMaxDistance: 0.5
  m_AutoUVMaxAngle: 89
  m_LightmapParameters: {fileID: 0}
  m_SortingLayerID: 0
  m_SortingOrder: 0
--- !u!1 &1363585061
GameObject:
  m_ObjectHideFlags: 0
  m_PrefabParentObject: {fileID: 0}
  m_PrefabInternal: {fileID: 0}
  serializedVersion: 4
  m_Component:
  - 4: {fileID: 1363585062}
  - 23: {fileID: 1363585066}
  - 102: {fileID: 1363585065}
  - 65: {fileID: 1363585064}
  - 114: {fileID: 1363585063}
  m_Layer: 0
  m_Name: menu
  m_TagString: Untagged
  m_Icon: {fileID: 0}
  m_NavMeshLayer: 0
  m_StaticEditorFlags: 0
  m_IsActive: 1
--- !u!4 &1363585062
Transform:
  m_ObjectHideFlags: 0
  m_PrefabParentObject: {fileID: 0}
  m_PrefabInternal: {fileID: 0}
  m_GameObject: {fileID: 1363585061}
  m_LocalRotation: {x: -0, y: -0, z: -0, w: 1}
  m_LocalPosition: {x: 0.792, y: -0.34109378, z: -0.0036931038}
  m_LocalScale: {x: 0.3, y: 0.3, z: 0.3}
  m_LocalEulerAnglesHint: {x: 0, y: 0, z: 0}
  m_Children: []
  m_Father: {fileID: 1917408760}
  m_RootOrder: 2
--- !u!114 &1363585063
MonoBehaviour:
  m_ObjectHideFlags: 0
  m_PrefabParentObject: {fileID: 0}
  m_PrefabInternal: {fileID: 0}
  m_GameObject: {fileID: 1363585061}
  m_Enabled: 1
  m_EditorHideFlags: 0
  m_Script: {fileID: 11500000, guid: fbaaa86310b2deb48a8a924956841a35, type: 3}
  m_Name: 
  m_EditorClassIdentifier: 
--- !u!65 &1363585064
BoxCollider:
  m_ObjectHideFlags: 0
  m_PrefabParentObject: {fileID: 0}
  m_PrefabInternal: {fileID: 0}
  m_GameObject: {fileID: 1363585061}
  m_Material: {fileID: 0}
  m_IsTrigger: 0
  m_Enabled: 1
  serializedVersion: 2
  m_Size: {x: 3.5, y: 0.5, z: 0}
  m_Center: {x: 0.15, y: 0.35, z: 0}
--- !u!102 &1363585065
TextMesh:
  serializedVersion: 3
  m_ObjectHideFlags: 0
  m_PrefabParentObject: {fileID: 0}
  m_PrefabInternal: {fileID: 0}
  m_GameObject: {fileID: 1363585061}
  m_Text: 'Main Menu

'
  m_OffsetZ: 0
  m_CharacterSize: 0.1
  m_LineSpacing: 1
  m_Anchor: 4
  m_Alignment: 1
  m_TabSize: 4
  m_FontSize: 50
  m_FontStyle: 0
  m_RichText: 1
  m_Font: {fileID: 12800000, guid: 7bc8f4815a4ab2e4fbc23fc239d1c0c6, type: 3}
  m_Color:
    serializedVersion: 2
    rgba: 4294967295
--- !u!23 &1363585066
MeshRenderer:
  m_ObjectHideFlags: 0
  m_PrefabParentObject: {fileID: 0}
  m_PrefabInternal: {fileID: 0}
  m_GameObject: {fileID: 1363585061}
  m_Enabled: 1
  m_CastShadows: 1
  m_ReceiveShadows: 1
  m_MotionVectors: 1
  m_LightProbeUsage: 1
  m_ReflectionProbeUsage: 1
  m_Materials:
  - {fileID: 2100000, guid: 7bc8f4815a4ab2e4fbc23fc239d1c0c6, type: 3}
  m_SubsetIndices: 
  m_StaticBatchRoot: {fileID: 0}
  m_ProbeAnchor: {fileID: 0}
  m_LightProbeVolumeOverride: {fileID: 0}
  m_ScaleInLightmap: 1
  m_PreserveUVs: 0
  m_IgnoreNormalsForChartDetection: 0
  m_ImportantGI: 0
  m_SelectedWireframeHidden: 0
  m_MinimumChartSize: 4
  m_AutoUVMaxDistance: 0.5
  m_AutoUVMaxAngle: 89
  m_LightmapParameters: {fileID: 0}
  m_SortingLayerID: 0
  m_SortingOrder: 0
--- !u!1 &1416450277
GameObject:
  m_ObjectHideFlags: 0
  m_PrefabParentObject: {fileID: 0}
  m_PrefabInternal: {fileID: 0}
  serializedVersion: 4
  m_Component:
  - 4: {fileID: 1416450278}
  m_Layer: 0
  m_Name: TotalVelocityHolder
  m_TagString: Untagged
  m_Icon: {fileID: 0}
  m_NavMeshLayer: 0
  m_StaticEditorFlags: 0
  m_IsActive: 1
--- !u!4 &1416450278
Transform:
  m_ObjectHideFlags: 0
  m_PrefabParentObject: {fileID: 0}
  m_PrefabInternal: {fileID: 0}
  m_GameObject: {fileID: 1416450277}
  m_LocalRotation: {x: -0.7071068, y: 0, z: 0, w: 0.7071068}
  m_LocalPosition: {x: 0, y: 0, z: 0}
  m_LocalScale: {x: 1, y: 1, z: 1}
  m_LocalEulerAnglesHint: {x: -90, y: 0, z: 0}
  m_Children:
  - {fileID: 920780734}
  m_Father: {fileID: 1662559951}
  m_RootOrder: 1
--- !u!1 &1662559950
GameObject:
  m_ObjectHideFlags: 0
  m_PrefabParentObject: {fileID: 0}
  m_PrefabInternal: {fileID: 0}
  serializedVersion: 4
  m_Component:
  - 4: {fileID: 1662559951}
  - 54: {fileID: 1662559953}
  - 114: {fileID: 1662559952}
  m_Layer: 0
  m_Name: Avatar
  m_TagString: Untagged
  m_Icon: {fileID: 0}
  m_NavMeshLayer: 0
  m_StaticEditorFlags: 0
  m_IsActive: 1
--- !u!4 &1662559951
Transform:
  m_ObjectHideFlags: 0
  m_PrefabParentObject: {fileID: 0}
  m_PrefabInternal: {fileID: 0}
  m_GameObject: {fileID: 1662559950}
  m_LocalRotation: {x: -0, y: -0, z: -0, w: 1}
  m_LocalPosition: {x: -0.7, y: 0, z: 0.5}
  m_LocalScale: {x: 2, y: 2, z: 2}
  m_LocalEulerAnglesHint: {x: 0, y: 0, z: 0}
  m_Children:
  - {fileID: 636115269}
  - {fileID: 1416450278}
  - {fileID: 1145225142}
  - {fileID: 477474563}
  - {fileID: 919694164}
  - {fileID: 178445703}
  m_Father: {fileID: 1683323199}
  m_RootOrder: 0
--- !u!114 &1662559952
MonoBehaviour:
  m_ObjectHideFlags: 0
  m_PrefabParentObject: {fileID: 0}
  m_PrefabInternal: {fileID: 0}
  m_GameObject: {fileID: 1662559950}
  m_Enabled: 1
  m_EditorHideFlags: 0
  m_Script: {fileID: 11500000, guid: 25318253388fd914abdb9714e14e5f6b, type: 3}
  m_Name: 
  m_EditorClassIdentifier: 
  rb: {fileID: 0}
  totalVelocity: {x: 0, y: 0, z: 0}
  paused: 0
  accelerations: []
  totalAcceleration: {x: 0, y: 0, z: 0}
  grav: {x: 0, y: -1, z: 0}
  scaleFactor: 5
  vectorMagOffset: 1
  totalVelocityVector: {fileID: 0}
  totalVelocityHolder: {fileID: 0}
  xVelocityVector: {fileID: 0}
  yVelocityVector: {fileID: 0}
  zVelocityVector: {fileID: 0}
  totalAccelerationVector: {fileID: 0}
  totalAccelerationHolder: {fileID: 0}
  goal: {fileID: 0}
  projectile: {fileID: 0}
--- !u!54 &1662559953
Rigidbody:
  m_ObjectHideFlags: 0
  m_PrefabParentObject: {fileID: 0}
  m_PrefabInternal: {fileID: 0}
  m_GameObject: {fileID: 1662559950}
  serializedVersion: 2
  m_Mass: 1
  m_Drag: 0
  m_AngularDrag: 0.05
  m_UseGravity: 0
  m_IsKinematic: 0
  m_Interpolate: 0
  m_Constraints: 0
  m_CollisionDetection: 0
--- !u!1 &1683323195
GameObject:
  m_ObjectHideFlags: 0
  m_PrefabParentObject: {fileID: 0}
  m_PrefabInternal: {fileID: 0}
  serializedVersion: 4
  m_Component:
  - 4: {fileID: 1683323199}
  - 114: {fileID: 1683323198}
  - 54: {fileID: 1683323197}
  - 114: {fileID: 1683323196}
  m_Layer: 0
  m_Name: ParticlesCollection
  m_TagString: Untagged
  m_Icon: {fileID: 0}
  m_NavMeshLayer: 0
  m_StaticEditorFlags: 0
  m_IsActive: 1
--- !u!114 &1683323196
MonoBehaviour:
  m_ObjectHideFlags: 0
  m_PrefabParentObject: {fileID: 0}
  m_PrefabInternal: {fileID: 0}
  m_GameObject: {fileID: 1683323195}
  m_Enabled: 1
  m_EditorHideFlags: 0
  m_Script: {fileID: 11500000, guid: 4d1a2a33ffcac354298137001635a001, type: 3}
  m_Name: 
  m_EditorClassIdentifier: 
  MaxGazeDistance: 15
  RaycastLayerMask:
    serializedVersion: 2
    m_Bits: 4294967291
  SetStabilizationPlane: 1
  LerpStabilizationPlanePowerCloser: 4
  LerpStabilizationPlanePowerFarther: 7
  UseBuiltInGazeStabilization: 1
--- !u!54 &1683323197
Rigidbody:
  m_ObjectHideFlags: 0
  m_PrefabParentObject: {fileID: 0}
  m_PrefabInternal: {fileID: 0}
  m_GameObject: {fileID: 1683323195}
  serializedVersion: 2
  m_Mass: 1
  m_Drag: 0
  m_AngularDrag: 0.05
  m_UseGravity: 0
  m_IsKinematic: 0
  m_Interpolate: 0
  m_Constraints: 0
  m_CollisionDetection: 0
--- !u!114 &1683323198
MonoBehaviour:
  m_ObjectHideFlags: 0
  m_PrefabParentObject: {fileID: 0}
  m_PrefabInternal: {fileID: 0}
  m_GameObject: {fileID: 1683323195}
  m_Enabled: 1
  m_EditorHideFlags: 0
  m_Script: {fileID: 11500000, guid: c2a8561b42eae9a48bbbeaaf5a1380c7, type: 3}
  m_Name: 
  m_EditorClassIdentifier: 
--- !u!4 &1683323199
Transform:
  m_ObjectHideFlags: 0
  m_PrefabParentObject: {fileID: 0}
  m_PrefabInternal: {fileID: 0}
  m_GameObject: {fileID: 1683323195}
  m_LocalRotation: {x: 0, y: 0, z: 0, w: 1}
  m_LocalPosition: {x: 0, y: -0.25, z: 3}
  m_LocalScale: {x: 1, y: 1, z: 1}
  m_LocalEulerAnglesHint: {x: 0, y: 0, z: 0}
  m_Children:
  - {fileID: 1662559951}
  - {fileID: 728638238}
  m_Father: {fileID: 0}
  m_RootOrder: 4
--- !u!1 &1917408759
GameObject:
  m_ObjectHideFlags: 0
  m_PrefabParentObject: {fileID: 0}
  m_PrefabInternal: {fileID: 0}
  serializedVersion: 4
  m_Component:
  - 4: {fileID: 1917408760}
  m_Layer: 0
  m_Name: EndLevelMenu
  m_TagString: Untagged
  m_Icon: {fileID: 0}
  m_NavMeshLayer: 0
  m_StaticEditorFlags: 0
  m_IsActive: 1
--- !u!4 &1917408760
Transform:
  m_ObjectHideFlags: 0
  m_PrefabParentObject: {fileID: 0}
  m_PrefabInternal: {fileID: 0}
  m_GameObject: {fileID: 1917408759}
  m_LocalRotation: {x: 0, y: 0, z: 0, w: 1}
  m_LocalPosition: {x: 0.0006299615, y: -0.823, z: 3.003693}
  m_LocalScale: {x: 1, y: 1, z: 1}
  m_LocalEulerAnglesHint: {x: 0, y: 0, z: 0}
  m_Children:
  - {fileID: 954790560}
  - {fileID: 1306546831}
  - {fileID: 1363585062}
  m_Father: {fileID: 0}
  m_RootOrder: 6
--- !u!1001 &2091647689
Prefab:
  m_ObjectHideFlags: 0
  serializedVersion: 2
  m_Modification:
    m_TransformParent: {fileID: 0}
    m_Modifications:
    - target: {fileID: 412860, guid: b3d0fa1645b2b1a4398aca020e52925e, type: 2}
      propertyPath: m_LocalPosition.x
      value: 0.20690918
      objectReference: {fileID: 0}
    - target: {fileID: 412860, guid: b3d0fa1645b2b1a4398aca020e52925e, type: 2}
      propertyPath: m_LocalPosition.y
      value: 0.9000244
      objectReference: {fileID: 0}
    - target: {fileID: 412860, guid: b3d0fa1645b2b1a4398aca020e52925e, type: 2}
      propertyPath: m_LocalPosition.z
      value: 0.739624
      objectReference: {fileID: 0}
    - target: {fileID: 412860, guid: b3d0fa1645b2b1a4398aca020e52925e, type: 2}
      propertyPath: m_LocalRotation.x
      value: 0
      objectReference: {fileID: 0}
    - target: {fileID: 412860, guid: b3d0fa1645b2b1a4398aca020e52925e, type: 2}
      propertyPath: m_LocalRotation.y
      value: 0
      objectReference: {fileID: 0}
    - target: {fileID: 412860, guid: b3d0fa1645b2b1a4398aca020e52925e, type: 2}
      propertyPath: m_LocalRotation.z
      value: 0
      objectReference: {fileID: 0}
    - target: {fileID: 412860, guid: b3d0fa1645b2b1a4398aca020e52925e, type: 2}
      propertyPath: m_LocalRotation.w
      value: 1
      objectReference: {fileID: 0}
    - target: {fileID: 412860, guid: b3d0fa1645b2b1a4398aca020e52925e, type: 2}
      propertyPath: m_RootOrder
      value: 1
      objectReference: {fileID: 0}
    m_RemovedComponents: []
  m_ParentPrefab: {fileID: 100100000, guid: b3d0fa1645b2b1a4398aca020e52925e, type: 2}
  m_IsPrefabParent: 0
