%YAML 1.1
%TAG !u! tag:unity3d.com,2011:
--- !u!29 &1
SceneSettings:
  m_ObjectHideFlags: 0
  m_PVSData: 
  m_PVSObjectsArray: []
  m_PVSPortalsArray: []
  m_OcclusionBakeSettings:
    smallestOccluder: 5
    smallestHole: 0.25
    backfaceThreshold: 100
--- !u!104 &2
RenderSettings:
  m_ObjectHideFlags: 0
  serializedVersion: 7
  m_Fog: 0
  m_FogColor: {r: 0.5, g: 0.5, b: 0.5, a: 1}
  m_FogMode: 3
  m_FogDensity: 0.01
  m_LinearFogStart: 0
  m_LinearFogEnd: 300
  m_AmbientSkyColor: {r: 0.212, g: 0.227, b: 0.259, a: 1}
  m_AmbientEquatorColor: {r: 0.114, g: 0.125, b: 0.133, a: 1}
  m_AmbientGroundColor: {r: 0.047, g: 0.043, b: 0.035, a: 1}
  m_AmbientIntensity: 1
  m_AmbientMode: 0
  m_SkyboxMaterial: {fileID: 10304, guid: 0000000000000000f000000000000000, type: 0}
  m_HaloStrength: 0.5
  m_FlareStrength: 1
  m_FlareFadeSpeed: 3
  m_HaloTexture: {fileID: 0}
  m_SpotCookie: {fileID: 10001, guid: 0000000000000000e000000000000000, type: 0}
  m_DefaultReflectionMode: 0
  m_DefaultReflectionResolution: 128
  m_ReflectionBounces: 1
  m_ReflectionIntensity: 1
  m_CustomReflection: {fileID: 0}
  m_Sun: {fileID: 0}
  m_IndirectSpecularColor: {r: 0.45055848, g: 0.50063163, b: 0.5758049, a: 1}
--- !u!157 &3
LightmapSettings:
  m_ObjectHideFlags: 0
  serializedVersion: 7
  m_GIWorkflowMode: 0
  m_GISettings:
    serializedVersion: 2
    m_BounceScale: 1
    m_IndirectOutputScale: 1
    m_AlbedoBoost: 1
    m_TemporalCoherenceThreshold: 1
    m_EnvironmentLightingMode: 0
    m_EnableBakedLightmaps: 1
    m_EnableRealtimeLightmaps: 1
  m_LightmapEditorSettings:
    serializedVersion: 4
    m_Resolution: 2
    m_BakeResolution: 40
    m_TextureWidth: 1024
    m_TextureHeight: 1024
    m_AO: 0
    m_AOMaxDistance: 1
    m_CompAOExponent: 1
    m_CompAOExponentDirect: 0
    m_Padding: 2
    m_LightmapParameters: {fileID: 0}
    m_LightmapsBakeMode: 1
    m_TextureCompression: 1
    m_DirectLightInLightProbes: 1
    m_FinalGather: 0
    m_FinalGatherFiltering: 1
    m_FinalGatherRayCount: 256
    m_ReflectionCompression: 2
  m_LightingDataAsset: {fileID: 0}
  m_RuntimeCPUUsage: 25
--- !u!196 &4
NavMeshSettings:
  serializedVersion: 2
  m_ObjectHideFlags: 0
  m_BuildSettings:
    serializedVersion: 2
    agentRadius: 0.5
    agentHeight: 2
    agentSlope: 45
    agentClimb: 0.4
    ledgeDropHeight: 0
    maxJumpAcrossDistance: 0
    accuratePlacement: 0
    minRegionArea: 2
    cellSize: 0.16666667
    manualCellSize: 0
  m_NavMeshData: {fileID: 0}
--- !u!1 &16674860
GameObject:
  m_ObjectHideFlags: 0
  m_PrefabParentObject: {fileID: 0}
  m_PrefabInternal: {fileID: 0}
  serializedVersion: 4
  m_Component:
  - 4: {fileID: 16674861}
  m_Layer: 0
  m_Name: TotalVelocityHolder
  m_TagString: Untagged
  m_Icon: {fileID: 0}
  m_NavMeshLayer: 0
  m_StaticEditorFlags: 0
  m_IsActive: 1
--- !u!4 &16674861
Transform:
  m_ObjectHideFlags: 0
  m_PrefabParentObject: {fileID: 0}
  m_PrefabInternal: {fileID: 0}
  m_GameObject: {fileID: 16674860}
  m_LocalRotation: {x: -0.7071068, y: 0, z: 0, w: 0.7071068}
  m_LocalPosition: {x: 0, y: 0, z: 0}
  m_LocalScale: {x: 1, y: 1, z: 1}
  m_LocalEulerAnglesHint: {x: -90, y: 0, z: 0}
  m_Children:
  - {fileID: 1073762251}
  m_Father: {fileID: 647168132}
  m_RootOrder: 1
--- !u!1001 &222172972
Prefab:
  m_ObjectHideFlags: 0
  serializedVersion: 2
  m_Modification:
    m_TransformParent: {fileID: 1023046653}
    m_Modifications:
    - target: {fileID: 4000012226815286, guid: e11d30810b5afa14c85013e2284811f7, type: 2}
      propertyPath: m_LocalPosition.x
      value: 0
      objectReference: {fileID: 0}
    - target: {fileID: 4000012226815286, guid: e11d30810b5afa14c85013e2284811f7, type: 2}
      propertyPath: m_LocalPosition.y
      value: -0
      objectReference: {fileID: 0}
    - target: {fileID: 4000012226815286, guid: e11d30810b5afa14c85013e2284811f7, type: 2}
      propertyPath: m_LocalPosition.z
      value: 0
      objectReference: {fileID: 0}
    - target: {fileID: 4000012226815286, guid: e11d30810b5afa14c85013e2284811f7, type: 2}
      propertyPath: m_LocalRotation.x
      value: -0.27059805
      objectReference: {fileID: 0}
    - target: {fileID: 4000012226815286, guid: e11d30810b5afa14c85013e2284811f7, type: 2}
      propertyPath: m_LocalRotation.y
      value: 0.6532815
      objectReference: {fileID: 0}
    - target: {fileID: 4000012226815286, guid: e11d30810b5afa14c85013e2284811f7, type: 2}
      propertyPath: m_LocalRotation.z
      value: 0.6532815
      objectReference: {fileID: 0}
    - target: {fileID: 4000012226815286, guid: e11d30810b5afa14c85013e2284811f7, type: 2}
      propertyPath: m_LocalRotation.w
      value: 0.27059805
      objectReference: {fileID: 0}
    - target: {fileID: 4000012226815286, guid: e11d30810b5afa14c85013e2284811f7, type: 2}
      propertyPath: m_RootOrder
      value: 0
      objectReference: {fileID: 0}
    - target: {fileID: 1000011898056388, guid: e11d30810b5afa14c85013e2284811f7, type: 2}
      propertyPath: m_Name
      value: TotalAcceleration
      objectReference: {fileID: 0}
    - target: {fileID: 4000012226815286, guid: e11d30810b5afa14c85013e2284811f7, type: 2}
      propertyPath: m_LocalEulerAnglesHint.x
      value: -90
      objectReference: {fileID: 0}
    - target: {fileID: 4000012226815286, guid: e11d30810b5afa14c85013e2284811f7, type: 2}
      propertyPath: m_LocalEulerAnglesHint.z
      value: 135
      objectReference: {fileID: 0}
    - target: {fileID: 4000012226815286, guid: e11d30810b5afa14c85013e2284811f7, type: 2}
      propertyPath: m_LocalScale.x
      value: 3
      objectReference: {fileID: 0}
    - target: {fileID: 4000012226815286, guid: e11d30810b5afa14c85013e2284811f7, type: 2}
      propertyPath: m_LocalScale.y
      value: 3
      objectReference: {fileID: 0}
    - target: {fileID: 4000012226815286, guid: e11d30810b5afa14c85013e2284811f7, type: 2}
      propertyPath: m_LocalScale.z
      value: 3
      objectReference: {fileID: 0}
    m_RemovedComponents: []
  m_ParentPrefab: {fileID: 100100000, guid: e11d30810b5afa14c85013e2284811f7, type: 2}
  m_IsPrefabParent: 0
--- !u!4 &222172973 stripped
Transform:
  m_PrefabParentObject: {fileID: 4000012226815286, guid: e11d30810b5afa14c85013e2284811f7,
    type: 2}
  m_PrefabInternal: {fileID: 222172972}
--- !u!1001 &315276697
Prefab:
  m_ObjectHideFlags: 0
  serializedVersion: 2
  m_Modification:
    m_TransformParent: {fileID: 647168132}
    m_Modifications:
    - target: {fileID: 4000012326645744, guid: a761c74eceab594439a8a3fc53f11d4c, type: 2}
      propertyPath: m_LocalPosition.x
      value: 0
      objectReference: {fileID: 0}
    - target: {fileID: 4000012326645744, guid: a761c74eceab594439a8a3fc53f11d4c, type: 2}
      propertyPath: m_LocalPosition.y
      value: 0
      objectReference: {fileID: 0}
    - target: {fileID: 4000012326645744, guid: a761c74eceab594439a8a3fc53f11d4c, type: 2}
      propertyPath: m_LocalPosition.z
      value: -0
      objectReference: {fileID: 0}
    - target: {fileID: 4000012326645744, guid: a761c74eceab594439a8a3fc53f11d4c, type: 2}
      propertyPath: m_LocalRotation.x
      value: 0
      objectReference: {fileID: 0}
    - target: {fileID: 4000012326645744, guid: a761c74eceab594439a8a3fc53f11d4c, type: 2}
      propertyPath: m_LocalRotation.y
      value: 0
      objectReference: {fileID: 0}
    - target: {fileID: 4000012326645744, guid: a761c74eceab594439a8a3fc53f11d4c, type: 2}
      propertyPath: m_LocalRotation.z
      value: -0.7071068
      objectReference: {fileID: 0}
    - target: {fileID: 4000012326645744, guid: a761c74eceab594439a8a3fc53f11d4c, type: 2}
      propertyPath: m_LocalRotation.w
      value: 0.7071068
      objectReference: {fileID: 0}
    - target: {fileID: 4000012326645744, guid: a761c74eceab594439a8a3fc53f11d4c, type: 2}
      propertyPath: m_RootOrder
      value: 4
      objectReference: {fileID: 0}
    - target: {fileID: 4000012326645744, guid: a761c74eceab594439a8a3fc53f11d4c, type: 2}
      propertyPath: m_LocalEulerAnglesHint.z
      value: -90
      objectReference: {fileID: 0}
    - target: {fileID: 4000012326645744, guid: a761c74eceab594439a8a3fc53f11d4c, type: 2}
      propertyPath: m_LocalScale.x
      value: 3
      objectReference: {fileID: 0}
    - target: {fileID: 4000012326645744, guid: a761c74eceab594439a8a3fc53f11d4c, type: 2}
      propertyPath: m_LocalScale.y
      value: 3
      objectReference: {fileID: 0}
    - target: {fileID: 4000012326645744, guid: a761c74eceab594439a8a3fc53f11d4c, type: 2}
      propertyPath: m_LocalScale.z
      value: 3
      objectReference: {fileID: 0}
    - target: {fileID: 1000013782261526, guid: a761c74eceab594439a8a3fc53f11d4c, type: 2}
      propertyPath: m_IsActive
      value: 1
      objectReference: {fileID: 0}
    - target: {fileID: 1000013782261526, guid: a761c74eceab594439a8a3fc53f11d4c, type: 2}
      propertyPath: m_Name
      value: XVelocity
      objectReference: {fileID: 0}
    m_RemovedComponents: []
  m_ParentPrefab: {fileID: 100100000, guid: a761c74eceab594439a8a3fc53f11d4c, type: 2}
  m_IsPrefabParent: 0
--- !u!4 &315276698 stripped
Transform:
  m_PrefabParentObject: {fileID: 4000012326645744, guid: a761c74eceab594439a8a3fc53f11d4c,
    type: 2}
  m_PrefabInternal: {fileID: 315276697}
--- !u!1001 &400890698
Prefab:
  m_ObjectHideFlags: 0
  serializedVersion: 2
  m_Modification:
    m_TransformParent: {fileID: 0}
    m_Modifications:
    - target: {fileID: 412860, guid: b3d0fa1645b2b1a4398aca020e52925e, type: 2}
      propertyPath: m_LocalPosition.x
      value: 0.20690918
      objectReference: {fileID: 0}
    - target: {fileID: 412860, guid: b3d0fa1645b2b1a4398aca020e52925e, type: 2}
      propertyPath: m_LocalPosition.y
      value: 0.9000244
      objectReference: {fileID: 0}
    - target: {fileID: 412860, guid: b3d0fa1645b2b1a4398aca020e52925e, type: 2}
      propertyPath: m_LocalPosition.z
      value: 0.739624
      objectReference: {fileID: 0}
    - target: {fileID: 412860, guid: b3d0fa1645b2b1a4398aca020e52925e, type: 2}
      propertyPath: m_LocalRotation.x
      value: 0
      objectReference: {fileID: 0}
    - target: {fileID: 412860, guid: b3d0fa1645b2b1a4398aca020e52925e, type: 2}
      propertyPath: m_LocalRotation.y
      value: 0
      objectReference: {fileID: 0}
    - target: {fileID: 412860, guid: b3d0fa1645b2b1a4398aca020e52925e, type: 2}
      propertyPath: m_LocalRotation.z
      value: 0
      objectReference: {fileID: 0}
    - target: {fileID: 412860, guid: b3d0fa1645b2b1a4398aca020e52925e, type: 2}
      propertyPath: m_LocalRotation.w
      value: 1
      objectReference: {fileID: 0}
    - target: {fileID: 412860, guid: b3d0fa1645b2b1a4398aca020e52925e, type: 2}
      propertyPath: m_RootOrder
      value: 1
      objectReference: {fileID: 0}
    m_RemovedComponents: []
  m_ParentPrefab: {fileID: 100100000, guid: b3d0fa1645b2b1a4398aca020e52925e, type: 2}
  m_IsPrefabParent: 0
--- !u!1 &408414953
GameObject:
  m_ObjectHideFlags: 0
  m_PrefabParentObject: {fileID: 0}
  m_PrefabInternal: {fileID: 0}
  serializedVersion: 4
  m_Component:
  - 4: {fileID: 408414954}
  - 33: {fileID: 408414958}
  - 135: {fileID: 408414957}
  - 23: {fileID: 408414956}
  - 122: {fileID: 408414955}
  m_Layer: 0
  m_Name: Obstacle
  m_TagString: Untagged
  m_Icon: {fileID: 0}
  m_NavMeshLayer: 0
  m_StaticEditorFlags: 0
  m_IsActive: 1
--- !u!4 &408414954
Transform:
  m_ObjectHideFlags: 0
  m_PrefabParentObject: {fileID: 0}
  m_PrefabInternal: {fileID: 0}
  m_GameObject: {fileID: 408414953}
  m_LocalRotation: {x: -0, y: -0, z: -0, w: 1}
  m_LocalPosition: {x: -0, y: 0.8, z: 0}
  m_LocalScale: {x: 0.2, y: 0.2, z: 0.2}
  m_LocalEulerAnglesHint: {x: 0, y: 0, z: 0}
  m_Children: []
  m_Father: {fileID: 1031211898}
  m_RootOrder: 2
--- !u!122 &408414955
Halo:
  m_ObjectHideFlags: 0
  m_PrefabParentObject: {fileID: 0}
  m_PrefabInternal: {fileID: 0}
  m_GameObject: {fileID: 408414953}
  m_Enabled: 1
  m_Color:
    serializedVersion: 2
    rgba: 4278190335
  m_Size: 0.5
--- !u!23 &408414956
MeshRenderer:
  m_ObjectHideFlags: 0
  m_PrefabParentObject: {fileID: 0}
  m_PrefabInternal: {fileID: 0}
  m_GameObject: {fileID: 408414953}
  m_Enabled: 1
  m_CastShadows: 1
  m_ReceiveShadows: 1
  m_MotionVectors: 1
  m_LightProbeUsage: 1
  m_ReflectionProbeUsage: 1
  m_Materials:
  - {fileID: 10303, guid: 0000000000000000f000000000000000, type: 0}
  m_SubsetIndices: 
  m_StaticBatchRoot: {fileID: 0}
  m_ProbeAnchor: {fileID: 0}
  m_LightProbeVolumeOverride: {fileID: 0}
  m_ScaleInLightmap: 1
  m_PreserveUVs: 1
  m_IgnoreNormalsForChartDetection: 0
  m_ImportantGI: 0
  m_SelectedWireframeHidden: 0
  m_MinimumChartSize: 4
  m_AutoUVMaxDistance: 0.5
  m_AutoUVMaxAngle: 89
  m_LightmapParameters: {fileID: 0}
  m_SortingLayerID: 0
  m_SortingOrder: 0
--- !u!135 &408414957
SphereCollider:
  m_ObjectHideFlags: 0
  m_PrefabParentObject: {fileID: 0}
  m_PrefabInternal: {fileID: 0}
  m_GameObject: {fileID: 408414953}
  m_Material: {fileID: 0}
  m_IsTrigger: 0
  m_Enabled: 1
  serializedVersion: 2
  m_Radius: 0.5
  m_Center: {x: 0, y: 0, z: 0}
--- !u!33 &408414958
MeshFilter:
  m_ObjectHideFlags: 0
  m_PrefabParentObject: {fileID: 0}
  m_PrefabInternal: {fileID: 0}
  m_GameObject: {fileID: 408414953}
  m_Mesh: {fileID: 10207, guid: 0000000000000000e000000000000000, type: 0}
--- !u!1 &467523112
GameObject:
  m_ObjectHideFlags: 0
  m_PrefabParentObject: {fileID: 0}
  m_PrefabInternal: {fileID: 0}
  serializedVersion: 4
  m_Component:
  - 4: {fileID: 467523113}
  - 33: {fileID: 467523117}
  - 135: {fileID: 467523116}
  - 23: {fileID: 467523115}
  - 122: {fileID: 467523114}
  m_Layer: 0
  m_Name: Sphere
  m_TagString: Untagged
  m_Icon: {fileID: 0}
  m_NavMeshLayer: 0
  m_StaticEditorFlags: 0
  m_IsActive: 1
--- !u!4 &467523113
Transform:
  m_ObjectHideFlags: 0
  m_PrefabParentObject: {fileID: 0}
  m_PrefabInternal: {fileID: 0}
  m_GameObject: {fileID: 467523112}
  m_LocalRotation: {x: -0, y: -0, z: -0, w: 1}
  m_LocalPosition: {x: 0, y: 0, z: 0}
  m_LocalScale: {x: 0.1, y: 0.1, z: 0.1}
  m_LocalEulerAnglesHint: {x: 0, y: 0, z: 0}
  m_Children: []
  m_Father: {fileID: 647168132}
  m_RootOrder: 2
--- !u!122 &467523114
Halo:
  m_ObjectHideFlags: 0
  m_PrefabParentObject: {fileID: 0}
  m_PrefabInternal: {fileID: 0}
  m_GameObject: {fileID: 467523112}
  m_Enabled: 1
  m_Color:
    serializedVersion: 2
    rgba: 4278190335
  m_Size: 0.5
--- !u!23 &467523115
MeshRenderer:
  m_ObjectHideFlags: 0
  m_PrefabParentObject: {fileID: 0}
  m_PrefabInternal: {fileID: 0}
  m_GameObject: {fileID: 467523112}
  m_Enabled: 1
  m_CastShadows: 1
  m_ReceiveShadows: 1
  m_MotionVectors: 1
  m_LightProbeUsage: 1
  m_ReflectionProbeUsage: 1
  m_Materials:
  - {fileID: 10303, guid: 0000000000000000f000000000000000, type: 0}
  m_SubsetIndices: 
  m_StaticBatchRoot: {fileID: 0}
  m_ProbeAnchor: {fileID: 0}
  m_LightProbeVolumeOverride: {fileID: 0}
  m_ScaleInLightmap: 1
  m_PreserveUVs: 1
  m_IgnoreNormalsForChartDetection: 0
  m_ImportantGI: 0
  m_SelectedWireframeHidden: 0
  m_MinimumChartSize: 4
  m_AutoUVMaxDistance: 0.5
  m_AutoUVMaxAngle: 89
  m_LightmapParameters: {fileID: 0}
  m_SortingLayerID: 0
  m_SortingOrder: 0
--- !u!135 &467523116
SphereCollider:
  m_ObjectHideFlags: 0
  m_PrefabParentObject: {fileID: 0}
  m_PrefabInternal: {fileID: 0}
  m_GameObject: {fileID: 467523112}
  m_Material: {fileID: 0}
  m_IsTrigger: 0
  m_Enabled: 1
  serializedVersion: 2
  m_Radius: 0.5
  m_Center: {x: 0, y: 0, z: 0}
--- !u!33 &467523117
MeshFilter:
  m_ObjectHideFlags: 0
  m_PrefabParentObject: {fileID: 0}
  m_PrefabInternal: {fileID: 0}
  m_GameObject: {fileID: 467523112}
  m_Mesh: {fileID: 10207, guid: 0000000000000000e000000000000000, type: 0}
--- !u!1 &647168131
GameObject:
  m_ObjectHideFlags: 0
  m_PrefabParentObject: {fileID: 0}
  m_PrefabInternal: {fileID: 0}
  serializedVersion: 4
  m_Component:
  - 4: {fileID: 647168132}
  - 54: {fileID: 647168134}
  - 114: {fileID: 647168133}
  m_Layer: 0
  m_Name: Avatar
  m_TagString: Untagged
  m_Icon: {fileID: 0}
  m_NavMeshLayer: 0
  m_StaticEditorFlags: 0
  m_IsActive: 1
--- !u!4 &647168132
Transform:
  m_ObjectHideFlags: 0
  m_PrefabParentObject: {fileID: 0}
  m_PrefabInternal: {fileID: 0}
  m_GameObject: {fileID: 647168131}
  m_LocalRotation: {x: -0, y: -0, z: -0, w: 1}
  m_LocalPosition: {x: -0.7, y: 0, z: 0.5}
  m_LocalScale: {x: 2, y: 2, z: 2}
  m_LocalEulerAnglesHint: {x: 0, y: 0, z: 0}
  m_Children:
  - {fileID: 1039841170}
  - {fileID: 16674861}
  - {fileID: 467523113}
  - {fileID: 2104626240}
  - {fileID: 315276698}
  - {fileID: 1023046653}
  m_Father: {fileID: 1031211898}
  m_RootOrder: 0
--- !u!114 &647168133
MonoBehaviour:
  m_ObjectHideFlags: 0
  m_PrefabParentObject: {fileID: 0}
  m_PrefabInternal: {fileID: 0}
  m_GameObject: {fileID: 647168131}
  m_Enabled: 1
  m_EditorHideFlags: 0
  m_Script: {fileID: 11500000, guid: 45fe015ed80be0e47a16b163590b7247, type: 3}
  m_Name: 
  m_EditorClassIdentifier: 
  rb: {fileID: 0}
  totalVelocity: {x: 0, y: 0, z: 0}
  paused: 0
  accelerations: []
  totalAcceleration: {x: 0, y: 0, z: 0}
  grav: {x: 0, y: -1, z: 0}
  scaleFactor: 5
  vectorMagOffset: 1
  totalVelocityVector: {fileID: 0}
  totalVelocityHolder: {fileID: 0}
  xVelocityVector: {fileID: 0}
  yVelocityVector: {fileID: 0}
  zVelocityVector: {fileID: 0}
  totalAccelerationVector: {fileID: 0}
  totalAccelerationHolder: {fileID: 0}
  goal: {fileID: 0}
  projectile: {fileID: 0}
--- !u!54 &647168134
Rigidbody:
  m_ObjectHideFlags: 0
  m_PrefabParentObject: {fileID: 0}
  m_PrefabInternal: {fileID: 0}
  m_GameObject: {fileID: 647168131}
  serializedVersion: 2
  m_Mass: 1
  m_Drag: 0
  m_AngularDrag: 0.05
  m_UseGravity: 0
  m_IsKinematic: 0
  m_Interpolate: 0
  m_Constraints: 0
  m_CollisionDetection: 0
--- !u!1 &660049378
GameObject:
  m_ObjectHideFlags: 0
  m_PrefabParentObject: {fileID: 0}
  m_PrefabInternal: {fileID: 0}
  serializedVersion: 4
  m_Component:
  - 4: {fileID: 660049379}
  - 33: {fileID: 660049382}
  - 135: {fileID: 660049381}
  - 23: {fileID: 660049380}
  m_Layer: 0
  m_Name: Sphere
  m_TagString: Untagged
  m_Icon: {fileID: 0}
  m_NavMeshLayer: 0
  m_StaticEditorFlags: 0
  m_IsActive: 1
--- !u!4 &660049379
Transform:
  m_ObjectHideFlags: 0
  m_PrefabParentObject: {fileID: 0}
  m_PrefabInternal: {fileID: 0}
  m_GameObject: {fileID: 660049378}
  m_LocalRotation: {x: -0, y: -0, z: -0, w: 1}
  m_LocalPosition: {x: 0.007, y: -0.034999996, z: 0.014999986}
  m_LocalScale: {x: 0.5, y: 0.5, z: 0.5}
  m_LocalEulerAnglesHint: {x: 0, y: 0, z: 0}
  m_Children: []
  m_Father: {fileID: 970187532}
  m_RootOrder: 0
--- !u!23 &660049380
MeshRenderer:
  m_ObjectHideFlags: 0
  m_PrefabParentObject: {fileID: 0}
  m_PrefabInternal: {fileID: 0}
  m_GameObject: {fileID: 660049378}
  m_Enabled: 1
  m_CastShadows: 1
  m_ReceiveShadows: 1
  m_MotionVectors: 1
  m_LightProbeUsage: 1
  m_ReflectionProbeUsage: 1
  m_Materials:
  - {fileID: 2100000, guid: b72dd374c8edb354aa3be7738a6871cf, type: 2}
  m_SubsetIndices: 
  m_StaticBatchRoot: {fileID: 0}
  m_ProbeAnchor: {fileID: 0}
  m_LightProbeVolumeOverride: {fileID: 0}
  m_ScaleInLightmap: 1
  m_PreserveUVs: 1
  m_IgnoreNormalsForChartDetection: 0
  m_ImportantGI: 0
  m_SelectedWireframeHidden: 0
  m_MinimumChartSize: 4
  m_AutoUVMaxDistance: 0.5
  m_AutoUVMaxAngle: 89
  m_LightmapParameters: {fileID: 0}
  m_SortingLayerID: 0
  m_SortingOrder: 0
--- !u!135 &660049381
SphereCollider:
  m_ObjectHideFlags: 0
  m_PrefabParentObject: {fileID: 0}
  m_PrefabInternal: {fileID: 0}
  m_GameObject: {fileID: 660049378}
  m_Material: {fileID: 0}
  m_IsTrigger: 0
  m_Enabled: 1
  serializedVersion: 2
  m_Radius: 0.5
  m_Center: {x: 0, y: 0, z: 0}
--- !u!33 &660049382
MeshFilter:
  m_ObjectHideFlags: 0
  m_PrefabParentObject: {fileID: 0}
  m_PrefabInternal: {fileID: 0}
  m_GameObject: {fileID: 660049378}
  m_Mesh: {fileID: 10207, guid: 0000000000000000e000000000000000, type: 0}
--- !u!1 &970187531
GameObject:
  m_ObjectHideFlags: 0
  m_PrefabParentObject: {fileID: 0}
  m_PrefabInternal: {fileID: 0}
  serializedVersion: 4
  m_Component:
  - 4: {fileID: 970187532}
  - 135: {fileID: 970187533}
  m_Layer: 0
  m_Name: Goal
  m_TagString: Untagged
  m_Icon: {fileID: 0}
  m_NavMeshLayer: 0
  m_StaticEditorFlags: 0
  m_IsActive: 1
--- !u!4 &970187532
Transform:
  m_ObjectHideFlags: 0
  m_PrefabParentObject: {fileID: 0}
  m_PrefabInternal: {fileID: 0}
  m_GameObject: {fileID: 970187531}
  m_LocalRotation: {x: 0, y: 0, z: 0, w: 1}
  m_LocalPosition: {x: 0.7, y: 0, z: 0.5}
  m_LocalScale: {x: 2, y: 2, z: 2}
  m_LocalEulerAnglesHint: {x: 0, y: 0, z: 0}
  m_Children:
  - {fileID: 660049379}
  m_Father: {fileID: 1031211898}
  m_RootOrder: 1
--- !u!135 &970187533
SphereCollider:
  m_ObjectHideFlags: 0
  m_PrefabParentObject: {fileID: 0}
  m_PrefabInternal: {fileID: 0}
  m_GameObject: {fileID: 970187531}
  m_Material: {fileID: 0}
  m_IsTrigger: 1
  m_Enabled: 1
  serializedVersion: 2
  m_Radius: 0.15
  m_Center: {x: 0, y: 0, z: 0}
--- !u!1 &1015026083
GameObject:
  m_ObjectHideFlags: 0
  m_PrefabParentObject: {fileID: 0}
  m_PrefabInternal: {fileID: 0}
  serializedVersion: 4
  m_Component:
  - 4: {fileID: 1015026084}
  - 23: {fileID: 1015026088}
  - 102: {fileID: 1015026087}
  - 65: {fileID: 1015026086}
  - 114: {fileID: 1015026085}
  m_Layer: 0
  m_Name: menu
  m_TagString: Untagged
  m_Icon: {fileID: 0}
  m_NavMeshLayer: 0
  m_StaticEditorFlags: 0
  m_IsActive: 1
--- !u!4 &1015026084
Transform:
  m_ObjectHideFlags: 0
  m_PrefabParentObject: {fileID: 0}
  m_PrefabInternal: {fileID: 0}
  m_GameObject: {fileID: 1015026083}
  m_LocalRotation: {x: -0, y: -0, z: -0, w: 1}
  m_LocalPosition: {x: 0.792, y: -0.34109378, z: -0.0036931038}
  m_LocalScale: {x: 0.3, y: 0.3, z: 0.3}
  m_LocalEulerAnglesHint: {x: 0, y: 0, z: 0}
  m_Children: []
  m_Father: {fileID: 1226433087}
  m_RootOrder: 1
--- !u!114 &1015026085
MonoBehaviour:
  m_ObjectHideFlags: 0
  m_PrefabParentObject: {fileID: 0}
  m_PrefabInternal: {fileID: 0}
  m_GameObject: {fileID: 1015026083}
  m_Enabled: 1
  m_EditorHideFlags: 0
  m_Script: {fileID: 11500000, guid: fbaaa86310b2deb48a8a924956841a35, type: 3}
  m_Name: 
  m_EditorClassIdentifier: 
--- !u!65 &1015026086
BoxCollider:
  m_ObjectHideFlags: 0
  m_PrefabParentObject: {fileID: 0}
  m_PrefabInternal: {fileID: 0}
  m_GameObject: {fileID: 1015026083}
  m_Material: {fileID: 0}
  m_IsTrigger: 0
  m_Enabled: 1
  serializedVersion: 2
  m_Size: {x: 3, y: 0.5, z: 0}
  m_Center: {x: 0, y: 0.35, z: 0}
--- !u!102 &1015026087
TextMesh:
  serializedVersion: 3
  m_ObjectHideFlags: 0
  m_PrefabParentObject: {fileID: 0}
  m_PrefabInternal: {fileID: 0}
  m_GameObject: {fileID: 1015026083}
  m_Text: 'Main Menu

'
  m_OffsetZ: 0
  m_CharacterSize: 0.1
  m_LineSpacing: 1
  m_Anchor: 4
  m_Alignment: 1
  m_TabSize: 4
  m_FontSize: 50
  m_FontStyle: 0
  m_RichText: 1
  m_Font: {fileID: 12800000, guid: 7bc8f4815a4ab2e4fbc23fc239d1c0c6, type: 3}
  m_Color:
    serializedVersion: 2
    rgba: 4294967295
--- !u!23 &1015026088
MeshRenderer:
  m_ObjectHideFlags: 0
  m_PrefabParentObject: {fileID: 0}
  m_PrefabInternal: {fileID: 0}
  m_GameObject: {fileID: 1015026083}
  m_Enabled: 1
  m_CastShadows: 1
  m_ReceiveShadows: 1
  m_MotionVectors: 1
  m_LightProbeUsage: 1
  m_ReflectionProbeUsage: 1
  m_Materials:
  - {fileID: 2100000, guid: 7bc8f4815a4ab2e4fbc23fc239d1c0c6, type: 3}
  m_SubsetIndices: 
  m_StaticBatchRoot: {fileID: 0}
  m_ProbeAnchor: {fileID: 0}
  m_LightProbeVolumeOverride: {fileID: 0}
  m_ScaleInLightmap: 1
  m_PreserveUVs: 0
  m_IgnoreNormalsForChartDetection: 0
  m_ImportantGI: 0
  m_SelectedWireframeHidden: 0
  m_MinimumChartSize: 4
  m_AutoUVMaxDistance: 0.5
  m_AutoUVMaxAngle: 89
  m_LightmapParameters: {fileID: 0}
  m_SortingLayerID: 0
  m_SortingOrder: 0
--- !u!1 &1023046652
GameObject:
  m_ObjectHideFlags: 0
  m_PrefabParentObject: {fileID: 0}
  m_PrefabInternal: {fileID: 0}
  serializedVersion: 4
  m_Component:
  - 4: {fileID: 1023046653}
  m_Layer: 0
  m_Name: TotalAccelerationHolder
  m_TagString: Untagged
  m_Icon: {fileID: 0}
  m_NavMeshLayer: 0
  m_StaticEditorFlags: 0
  m_IsActive: 1
--- !u!4 &1023046653
Transform:
  m_ObjectHideFlags: 0
  m_PrefabParentObject: {fileID: 0}
  m_PrefabInternal: {fileID: 0}
  m_GameObject: {fileID: 1023046652}
  m_LocalRotation: {x: 0.7071068, y: 0, z: 0, w: 0.7071068}
  m_LocalPosition: {x: 0, y: 0, z: 0}
  m_LocalScale: {x: 1, y: 1, z: 1}
  m_LocalEulerAnglesHint: {x: 90, y: 0, z: 0}
  m_Children:
  - {fileID: 222172973}
  m_Father: {fileID: 647168132}
  m_RootOrder: 5
--- !u!1 &1031211894
GameObject:
  m_ObjectHideFlags: 0
  m_PrefabParentObject: {fileID: 0}
  m_PrefabInternal: {fileID: 0}
  serializedVersion: 4
  m_Component:
  - 4: {fileID: 1031211898}
  - 114: {fileID: 1031211897}
  - 54: {fileID: 1031211896}
  - 114: {fileID: 1031211895}
  m_Layer: 0
  m_Name: ParticlesCollection
  m_TagString: Untagged
  m_Icon: {fileID: 0}
  m_NavMeshLayer: 0
  m_StaticEditorFlags: 0
  m_IsActive: 1
--- !u!114 &1031211895
MonoBehaviour:
  m_ObjectHideFlags: 0
  m_PrefabParentObject: {fileID: 0}
  m_PrefabInternal: {fileID: 0}
  m_GameObject: {fileID: 1031211894}
  m_Enabled: 1
  m_EditorHideFlags: 0
  m_Script: {fileID: 11500000, guid: 4d1a2a33ffcac354298137001635a001, type: 3}
  m_Name: 
  m_EditorClassIdentifier: 
  MaxGazeDistance: 15
  RaycastLayerMask:
    serializedVersion: 2
    m_Bits: 4294967291
  SetStabilizationPlane: 1
  LerpStabilizationPlanePowerCloser: 4
  LerpStabilizationPlanePowerFarther: 7
  UseBuiltInGazeStabilization: 1
--- !u!54 &1031211896
Rigidbody:
  m_ObjectHideFlags: 0
  m_PrefabParentObject: {fileID: 0}
  m_PrefabInternal: {fileID: 0}
  m_GameObject: {fileID: 1031211894}
  serializedVersion: 2
  m_Mass: 1
  m_Drag: 0
  m_AngularDrag: 0.05
  m_UseGravity: 0
  m_IsKinematic: 0
  m_Interpolate: 0
  m_Constraints: 0
  m_CollisionDetection: 0
--- !u!114 &1031211897
MonoBehaviour:
  m_ObjectHideFlags: 0
  m_PrefabParentObject: {fileID: 0}
  m_PrefabInternal: {fileID: 0}
  m_GameObject: {fileID: 1031211894}
  m_Enabled: 1
  m_EditorHideFlags: 0
  m_Script: {fileID: 11500000, guid: c2a8561b42eae9a48bbbeaaf5a1380c7, type: 3}
  m_Name: 
  m_EditorClassIdentifier: 
--- !u!4 &1031211898
Transform:
  m_ObjectHideFlags: 0
  m_PrefabParentObject: {fileID: 0}
  m_PrefabInternal: {fileID: 0}
  m_GameObject: {fileID: 1031211894}
  m_LocalRotation: {x: 0, y: 0, z: 0, w: 1}
  m_LocalPosition: {x: 0, y: -0.25, z: 3}
  m_LocalScale: {x: 1, y: 1, z: 1}
  m_LocalEulerAnglesHint: {x: 0, y: 0, z: 0}
  m_Children:
  - {fileID: 647168132}
  - {fileID: 970187532}
  - {fileID: 408414954}
  m_Father: {fileID: 0}
  m_RootOrder: 7
--- !u!1001 &1039841169
Prefab:
  m_ObjectHideFlags: 0
  serializedVersion: 2
  m_Modification:
    m_TransformParent: {fileID: 647168132}
    m_Modifications:
    - target: {fileID: 4000012326645744, guid: a761c74eceab594439a8a3fc53f11d4c, type: 2}
      propertyPath: m_LocalPosition.x
      value: 0
      objectReference: {fileID: 0}
    - target: {fileID: 4000012326645744, guid: a761c74eceab594439a8a3fc53f11d4c, type: 2}
      propertyPath: m_LocalPosition.y
      value: 0
      objectReference: {fileID: 0}
    - target: {fileID: 4000012326645744, guid: a761c74eceab594439a8a3fc53f11d4c, type: 2}
      propertyPath: m_LocalPosition.z
      value: 0
      objectReference: {fileID: 0}
    - target: {fileID: 4000012326645744, guid: a761c74eceab594439a8a3fc53f11d4c, type: 2}
      propertyPath: m_LocalRotation.x
      value: 0.7071068
      objectReference: {fileID: 0}
    - target: {fileID: 4000012326645744, guid: a761c74eceab594439a8a3fc53f11d4c, type: 2}
      propertyPath: m_LocalRotation.y
      value: 0
      objectReference: {fileID: 0}
    - target: {fileID: 4000012326645744, guid: a761c74eceab594439a8a3fc53f11d4c, type: 2}
      propertyPath: m_LocalRotation.z
      value: 0
      objectReference: {fileID: 0}
    - target: {fileID: 4000012326645744, guid: a761c74eceab594439a8a3fc53f11d4c, type: 2}
      propertyPath: m_LocalRotation.w
      value: 0.7071068
      objectReference: {fileID: 0}
    - target: {fileID: 4000012326645744, guid: a761c74eceab594439a8a3fc53f11d4c, type: 2}
      propertyPath: m_RootOrder
      value: 0
      objectReference: {fileID: 0}
    - target: {fileID: 4000012326645744, guid: a761c74eceab594439a8a3fc53f11d4c, type: 2}
      propertyPath: m_LocalEulerAnglesHint.z
      value: 0
      objectReference: {fileID: 0}
    - target: {fileID: 4000012326645744, guid: a761c74eceab594439a8a3fc53f11d4c, type: 2}
      propertyPath: m_LocalScale.x
      value: 3
      objectReference: {fileID: 0}
    - target: {fileID: 4000012326645744, guid: a761c74eceab594439a8a3fc53f11d4c, type: 2}
      propertyPath: m_LocalScale.y
      value: 3
      objectReference: {fileID: 0}
    - target: {fileID: 4000012326645744, guid: a761c74eceab594439a8a3fc53f11d4c, type: 2}
      propertyPath: m_LocalScale.z
      value: 3
      objectReference: {fileID: 0}
    - target: {fileID: 1000013782261526, guid: a761c74eceab594439a8a3fc53f11d4c, type: 2}
      propertyPath: m_IsActive
      value: 1
      objectReference: {fileID: 0}
    - target: {fileID: 1000013782261526, guid: a761c74eceab594439a8a3fc53f11d4c, type: 2}
      propertyPath: m_Name
      value: ZVelocity
      objectReference: {fileID: 0}
    - target: {fileID: 4000012326645744, guid: a761c74eceab594439a8a3fc53f11d4c, type: 2}
      propertyPath: m_LocalEulerAnglesHint.x
      value: 90
      objectReference: {fileID: 0}
    m_RemovedComponents: []
  m_ParentPrefab: {fileID: 100100000, guid: a761c74eceab594439a8a3fc53f11d4c, type: 2}
  m_IsPrefabParent: 0
--- !u!4 &1039841170 stripped
Transform:
  m_PrefabParentObject: {fileID: 4000012326645744, guid: a761c74eceab594439a8a3fc53f11d4c,
    type: 2}
  m_PrefabInternal: {fileID: 1039841169}
--- !u!1001 &1073762250
Prefab:
  m_ObjectHideFlags: 0
  serializedVersion: 2
  m_Modification:
    m_TransformParent: {fileID: 16674861}
    m_Modifications:
    - target: {fileID: 4000012326645744, guid: a761c74eceab594439a8a3fc53f11d4c, type: 2}
      propertyPath: m_LocalPosition.x
      value: 0
      objectReference: {fileID: 0}
    - target: {fileID: 4000012326645744, guid: a761c74eceab594439a8a3fc53f11d4c, type: 2}
      propertyPath: m_LocalPosition.y
      value: 0
      objectReference: {fileID: 0}
    - target: {fileID: 4000012326645744, guid: a761c74eceab594439a8a3fc53f11d4c, type: 2}
      propertyPath: m_LocalPosition.z
      value: 0
      objectReference: {fileID: 0}
    - target: {fileID: 4000012326645744, guid: a761c74eceab594439a8a3fc53f11d4c, type: 2}
      propertyPath: m_LocalRotation.x
      value: 0.7071068
      objectReference: {fileID: 0}
    - target: {fileID: 4000012326645744, guid: a761c74eceab594439a8a3fc53f11d4c, type: 2}
      propertyPath: m_LocalRotation.y
      value: 0
      objectReference: {fileID: 0}
    - target: {fileID: 4000012326645744, guid: a761c74eceab594439a8a3fc53f11d4c, type: 2}
      propertyPath: m_LocalRotation.z
      value: 0
      objectReference: {fileID: 0}
    - target: {fileID: 4000012326645744, guid: a761c74eceab594439a8a3fc53f11d4c, type: 2}
      propertyPath: m_LocalRotation.w
      value: 0.7071068
      objectReference: {fileID: 0}
    - target: {fileID: 4000012326645744, guid: a761c74eceab594439a8a3fc53f11d4c, type: 2}
      propertyPath: m_RootOrder
      value: 0
      objectReference: {fileID: 0}
    - target: {fileID: 1000013782261526, guid: a761c74eceab594439a8a3fc53f11d4c, type: 2}
      propertyPath: m_Name
      value: TotalVelocity
      objectReference: {fileID: 0}
    - target: {fileID: 4000012326645744, guid: a761c74eceab594439a8a3fc53f11d4c, type: 2}
      propertyPath: m_LocalEulerAnglesHint.z
      value: 0
      objectReference: {fileID: 0}
    - target: {fileID: 4000012326645744, guid: a761c74eceab594439a8a3fc53f11d4c, type: 2}
      propertyPath: m_LocalScale.x
      value: 9.530998
      objectReference: {fileID: 0}
    - target: {fileID: 4000012326645744, guid: a761c74eceab594439a8a3fc53f11d4c, type: 2}
      propertyPath: m_LocalScale.y
      value: 9.53
      objectReference: {fileID: 0}
    - target: {fileID: 4000012326645744, guid: a761c74eceab594439a8a3fc53f11d4c, type: 2}
      propertyPath: m_LocalScale.z
      value: 9.53
      objectReference: {fileID: 0}
    - target: {fileID: 1000013782261526, guid: a761c74eceab594439a8a3fc53f11d4c, type: 2}
      propertyPath: m_IsActive
      value: 1
      objectReference: {fileID: 0}
    - target: {fileID: 23000013553942216, guid: a761c74eceab594439a8a3fc53f11d4c,
        type: 2}
      propertyPath: m_Materials.Array.data[0]
      value: 
      objectReference: {fileID: 2100000, guid: 7f2784ef7a8fc324791afb12a3f1d024, type: 2}
    - target: {fileID: 4000012326645744, guid: a761c74eceab594439a8a3fc53f11d4c, type: 2}
      propertyPath: m_LocalEulerAnglesHint.x
      value: 90
      objectReference: {fileID: 0}
    m_RemovedComponents: []
  m_ParentPrefab: {fileID: 100100000, guid: a761c74eceab594439a8a3fc53f11d4c, type: 2}
  m_IsPrefabParent: 0
--- !u!4 &1073762251 stripped
Transform:
  m_PrefabParentObject: {fileID: 4000012326645744, guid: a761c74eceab594439a8a3fc53f11d4c,
    type: 2}
  m_PrefabInternal: {fileID: 1073762250}
--- !u!1 &1073762252 stripped
GameObject:
  m_PrefabParentObject: {fileID: 1000013782261526, guid: a761c74eceab594439a8a3fc53f11d4c,
    type: 2}
  m_PrefabInternal: {fileID: 1073762250}
--- !u!114 &1073762253
MonoBehaviour:
  m_ObjectHideFlags: 0
  m_PrefabParentObject: {fileID: 0}
  m_PrefabInternal: {fileID: 0}
  m_GameObject: {fileID: 1073762252}
  m_Enabled: 1
  m_EditorHideFlags: 0
  m_Script: {fileID: 11500000, guid: d88d9544bd24cd641a4e83e728cbb048, type: 3}
  m_Name: 
  m_EditorClassIdentifier: 
--- !u!114 &1073762254
MonoBehaviour:
  m_ObjectHideFlags: 0
  m_PrefabParentObject: {fileID: 0}
  m_PrefabInternal: {fileID: 0}
  m_GameObject: {fileID: 1073762252}
  m_Enabled: 1
  m_EditorHideFlags: 0
  m_Script: {fileID: 11500000, guid: 766749bb94400a54c88da59b17f935be, type: 3}
  m_Name: 
  m_EditorClassIdentifier: 
  ScalingSenitivity: 10
  RotationSensitivity: 10
--- !u!1 &1226433086
GameObject:
  m_ObjectHideFlags: 0
  m_PrefabParentObject: {fileID: 0}
  m_PrefabInternal: {fileID: 0}
  serializedVersion: 4
  m_Component:
  - 4: {fileID: 1226433087}
  m_Layer: 0
  m_Name: EndLevelMenu
  m_TagString: Untagged
  m_Icon: {fileID: 0}
  m_NavMeshLayer: 0
  m_StaticEditorFlags: 0
  m_IsActive: 1
--- !u!4 &1226433087
Transform:
  m_ObjectHideFlags: 0
  m_PrefabParentObject: {fileID: 0}
  m_PrefabInternal: {fileID: 0}
  m_GameObject: {fileID: 1226433086}
  m_LocalRotation: {x: 0, y: 0, z: 0, w: 1}
  m_LocalPosition: {x: 0.0006299615, y: -0.875, z: 3.003693}
  m_LocalScale: {x: 1, y: 1, z: 1}
  m_LocalEulerAnglesHint: {x: 0, y: 0, z: 0}
  m_Children:
  - {fileID: 1326213392}
  - {fileID: 1015026084}
  m_Father: {fileID: 0}
  m_RootOrder: 6
--- !u!1 &1268441378
GameObject:
  m_ObjectHideFlags: 0
  m_PrefabParentObject: {fileID: 0}
  m_PrefabInternal: {fileID: 0}
  serializedVersion: 4
  m_Component:
  - 4: {fileID: 1268441382}
  - 114: {fileID: 1268441381}
  - 82: {fileID: 1268441380}
  - 132: {fileID: 1268441379}
  m_Layer: 0
  m_Name: AudioManager
  m_TagString: Untagged
  m_Icon: {fileID: 0}
  m_NavMeshLayer: 0
  m_StaticEditorFlags: 0
  m_IsActive: 1
--- !u!132 &1268441379
GUIText:
  m_ObjectHideFlags: 0
  m_PrefabParentObject: {fileID: 0}
  m_PrefabInternal: {fileID: 0}
  m_GameObject: {fileID: 1268441378}
  m_Enabled: 1
  serializedVersion: 3
  m_Text: 
  m_Anchor: 0
  m_Alignment: 0
  m_PixelOffset: {x: 0, y: 0}
  m_LineSpacing: 1
  m_TabSize: 4
  m_Font: {fileID: 12800000, guid: 6452d983b8b930b4b87187cc8dc88926, type: 3}
  m_Material: {fileID: 0}
  m_FontSize: 0
  m_FontStyle: 0
  m_Color:
    serializedVersion: 2
    rgba: 4294967295
  m_PixelCorrect: 1
  m_RichText: 1
--- !u!82 &1268441380
AudioSource:
  m_ObjectHideFlags: 0
  m_PrefabParentObject: {fileID: 0}
  m_PrefabInternal: {fileID: 0}
  m_GameObject: {fileID: 1268441378}
  m_Enabled: 1
  serializedVersion: 4
  OutputAudioMixerGroup: {fileID: 0}
  m_audioClip: {fileID: 8300000, guid: ef5bff116ae485647a61c9f41897db5f, type: 3}
  m_PlayOnAwake: 1
  m_Volume: 1
  m_Pitch: 1
  Loop: 1
  Mute: 0
  Spatialize: 0
  Priority: 128
  DopplerLevel: 0.1
  MinDistance: 1
  MaxDistance: 500
  Pan2D: 0
  rolloffMode: 0
  BypassEffects: 0
  BypassListenerEffects: 0
  BypassReverbZones: 0
  rolloffCustomCurve:
    serializedVersion: 2
    m_Curve:
    - time: 0
      value: 1
      inSlope: 0
      outSlope: 0
      tangentMode: 0
    - time: 1
      value: 0
      inSlope: 0
      outSlope: 0
      tangentMode: 0
    m_PreInfinity: 2
    m_PostInfinity: 2
    m_RotationOrder: 4
  panLevelCustomCurve:
    serializedVersion: 2
    m_Curve:
    - time: 0
      value: 1
      inSlope: 0
      outSlope: 0
      tangentMode: 0
    m_PreInfinity: 2
    m_PostInfinity: 2
    m_RotationOrder: 0
  spreadCustomCurve:
    serializedVersion: 2
    m_Curve:
    - time: 0
      value: 0
      inSlope: 0
      outSlope: 0
      tangentMode: 0
    m_PreInfinity: 2
    m_PostInfinity: 2
    m_RotationOrder: 0
  reverbZoneMixCustomCurve:
    serializedVersion: 2
    m_Curve:
    - time: 0
      value: 1
      inSlope: 0
      outSlope: 0
      tangentMode: 0
    m_PreInfinity: 2
    m_PostInfinity: 2
    m_RotationOrder: 0
--- !u!114 &1268441381
MonoBehaviour:
  m_ObjectHideFlags: 0
  m_PrefabParentObject: {fileID: 0}
  m_PrefabInternal: {fileID: 0}
  m_GameObject: {fileID: 1268441378}
  m_Enabled: 1
  m_EditorHideFlags: 0
  m_Script: {fileID: 11500000, guid: 2ed867247783aab439e6f103454f8456, type: 3}
  m_Name: 
  m_EditorClassIdentifier: 
--- !u!4 &1268441382
Transform:
  m_ObjectHideFlags: 0
  m_PrefabParentObject: {fileID: 0}
  m_PrefabInternal: {fileID: 0}
  m_GameObject: {fileID: 1268441378}
  m_LocalRotation: {x: -0, y: -0, z: -0, w: 1}
  m_LocalPosition: {x: 0, y: -0.25, z: 3}
  m_LocalScale: {x: 1, y: 1, z: 1}
  m_LocalEulerAnglesHint: {x: 0, y: 0, z: 0}
  m_Children: []
  m_Father: {fileID: 0}
  m_RootOrder: 3
--- !u!1 &1326213391
GameObject:
  m_ObjectHideFlags: 0
  m_PrefabParentObject: {fileID: 0}
  m_PrefabInternal: {fileID: 0}
  serializedVersion: 4
  m_Component:
  - 4: {fileID: 1326213392}
  - 23: {fileID: 1326213396}
  - 102: {fileID: 1326213395}
  - 114: {fileID: 1326213394}
  - 65: {fileID: 1326213393}
  m_Layer: 0
  m_Name: particle_5
  m_TagString: Untagged
  m_Icon: {fileID: 0}
  m_NavMeshLayer: 0
  m_StaticEditorFlags: 0
  m_IsActive: 1
--- !u!4 &1326213392
Transform:
  m_ObjectHideFlags: 0
  m_PrefabParentObject: {fileID: 0}
  m_PrefabInternal: {fileID: 0}
  m_GameObject: {fileID: 1326213391}
  m_LocalRotation: {x: -0, y: -0, z: -0, w: 1}
  m_LocalPosition: {x: -0.64562994, y: -0.17909378, z: -0.0036931038}
  m_LocalScale: {x: 0.3, y: 0.3, z: 0.3}
  m_LocalEulerAnglesHint: {x: 0, y: 0, z: 0}
  m_Children: []
  m_Father: {fileID: 1226433087}
  m_RootOrder: 0
--- !u!65 &1326213393
BoxCollider:
  m_ObjectHideFlags: 0
  m_PrefabParentObject: {fileID: 0}
  m_PrefabInternal: {fileID: 0}
  m_GameObject: {fileID: 1326213391}
  m_Material: {fileID: 0}
  m_IsTrigger: 0
  m_Enabled: 1
  serializedVersion: 2
  m_Size: {x: 1.5, y: 0.5, z: 0}
  m_Center: {x: 0, y: 0, z: 0}
--- !u!114 &1326213394
MonoBehaviour:
  m_ObjectHideFlags: 0
  m_PrefabParentObject: {fileID: 0}
  m_PrefabInternal: {fileID: 0}
  m_GameObject: {fileID: 1326213391}
  m_Enabled: 1
  m_EditorHideFlags: 0
  m_Script: {fileID: 11500000, guid: fbaaa86310b2deb48a8a924956841a35, type: 3}
  m_Name: 
  m_EditorClassIdentifier: 
--- !u!102 &1326213395
TextMesh:
  serializedVersion: 3
  m_ObjectHideFlags: 0
  m_PrefabParentObject: {fileID: 0}
  m_PrefabInternal: {fileID: 0}
  m_GameObject: {fileID: 1326213391}
  m_Text: Replay
  m_OffsetZ: 0
  m_CharacterSize: 0.1
  m_LineSpacing: 1
  m_Anchor: 4
  m_Alignment: 1
  m_TabSize: 4
  m_FontSize: 50
  m_FontStyle: 0
  m_RichText: 1
  m_Font: {fileID: 12800000, guid: 7bc8f4815a4ab2e4fbc23fc239d1c0c6, type: 3}
  m_Color:
    serializedVersion: 2
    rgba: 4294967295
--- !u!23 &1326213396
MeshRenderer:
  m_ObjectHideFlags: 0
  m_PrefabParentObject: {fileID: 0}
  m_PrefabInternal: {fileID: 0}
  m_GameObject: {fileID: 1326213391}
  m_Enabled: 1
  m_CastShadows: 1
  m_ReceiveShadows: 1
  m_MotionVectors: 1
  m_LightProbeUsage: 1
  m_ReflectionProbeUsage: 1
  m_Materials:
  - {fileID: 2100000, guid: 7bc8f4815a4ab2e4fbc23fc239d1c0c6, type: 3}
  m_SubsetIndices: 
  m_StaticBatchRoot: {fileID: 0}
  m_ProbeAnchor: {fileID: 0}
  m_LightProbeVolumeOverride: {fileID: 0}
  m_ScaleInLightmap: 1
  m_PreserveUVs: 0
  m_IgnoreNormalsForChartDetection: 0
  m_ImportantGI: 0
  m_SelectedWireframeHidden: 0
  m_MinimumChartSize: 4
  m_AutoUVMaxDistance: 0.5
  m_AutoUVMaxAngle: 89
  m_LightmapParameters: {fileID: 0}
  m_SortingLayerID: 0
  m_SortingOrder: 0
--- !u!1001 &1440315491
Prefab:
  m_ObjectHideFlags: 0
  serializedVersion: 2
  m_Modification:
    m_TransformParent: {fileID: 0}
    m_Modifications:
    - target: {fileID: 402774, guid: b84b73491ac53a34095000876132a211, type: 2}
      propertyPath: m_LocalPosition.x
      value: 0
      objectReference: {fileID: 0}
    - target: {fileID: 402774, guid: b84b73491ac53a34095000876132a211, type: 2}
      propertyPath: m_LocalPosition.y
      value: 0
      objectReference: {fileID: 0}
    - target: {fileID: 402774, guid: b84b73491ac53a34095000876132a211, type: 2}
      propertyPath: m_LocalPosition.z
      value: 0
      objectReference: {fileID: 0}
    - target: {fileID: 402774, guid: b84b73491ac53a34095000876132a211, type: 2}
      propertyPath: m_LocalRotation.x
      value: 0
      objectReference: {fileID: 0}
    - target: {fileID: 402774, guid: b84b73491ac53a34095000876132a211, type: 2}
      propertyPath: m_LocalRotation.y
      value: 0
      objectReference: {fileID: 0}
    - target: {fileID: 402774, guid: b84b73491ac53a34095000876132a211, type: 2}
      propertyPath: m_LocalRotation.z
      value: 0
      objectReference: {fileID: 0}
    - target: {fileID: 402774, guid: b84b73491ac53a34095000876132a211, type: 2}
      propertyPath: m_LocalRotation.w
      value: 1
      objectReference: {fileID: 0}
    - target: {fileID: 402774, guid: b84b73491ac53a34095000876132a211, type: 2}
      propertyPath: m_RootOrder
      value: 0
      objectReference: {fileID: 0}
    m_RemovedComponents: []
  m_ParentPrefab: {fileID: 100100000, guid: b84b73491ac53a34095000876132a211, type: 2}
  m_IsPrefabParent: 0
--- !u!1 &1906700149
GameObject:
  m_ObjectHideFlags: 0
  m_PrefabParentObject: {fileID: 0}
  m_PrefabInternal: {fileID: 0}
  serializedVersion: 4
  m_Component:
  - 4: {fileID: 1906700154}
  - 114: {fileID: 1906700153}
  - 114: {fileID: 1906700152}
  - 114: {fileID: 1906700151}
  - 114: {fileID: 1906700150}
  - 114: {fileID: 1906700155}
  m_Layer: 0
  m_Name: Manager
  m_TagString: Untagged
  m_Icon: {fileID: 0}
  m_NavMeshLayer: 0
  m_StaticEditorFlags: 0
  m_IsActive: 1
--- !u!114 &1906700150
MonoBehaviour:
  m_ObjectHideFlags: 0
  m_PrefabParentObject: {fileID: 0}
  m_PrefabInternal: {fileID: 0}
  m_GameObject: {fileID: 1906700149}
  m_Enabled: 1
  m_EditorHideFlags: 0
  m_Script: {fileID: 11500000, guid: cef26a362f41c5248aca879be2a5f04b, type: 3}
  m_Name: 
  m_EditorClassIdentifier: 
  FingerPressedSound: {fileID: 0}
--- !u!114 &1906700151
MonoBehaviour:
  m_ObjectHideFlags: 0
  m_PrefabParentObject: {fileID: 0}
  m_PrefabInternal: {fileID: 0}
  m_GameObject: {fileID: 1906700149}
  m_Enabled: 1
  m_EditorHideFlags: 0
  m_Script: {fileID: 11500000, guid: 3acd7c9f67270004cb64fc99aa56a5e1, type: 3}
  m_Name: 
  m_EditorClassIdentifier: 
  RotationSensitivity: 10
--- !u!114 &1906700152
MonoBehaviour:
  m_ObjectHideFlags: 0
  m_PrefabParentObject: {fileID: 0}
  m_PrefabInternal: {fileID: 0}
  m_GameObject: {fileID: 1906700149}
  m_Enabled: 1
  m_EditorHideFlags: 0
  m_Script: {fileID: 11500000, guid: 94c1fd2ccb6e3e5449429462b44a8229, type: 3}
  m_Name: 
  m_EditorClassIdentifier: 
  LaunchableObject: {fileID: 0}
  keyboardSelectKey: 32
  MouseSelectButton: 1
--- !u!114 &1906700153
MonoBehaviour:
  m_ObjectHideFlags: 0
  m_PrefabParentObject: {fileID: 0}
  m_PrefabInternal: {fileID: 0}
  m_GameObject: {fileID: 1906700149}
  m_Enabled: 1
  m_EditorHideFlags: 0
  m_Script: {fileID: 11500000, guid: 4d1a2a33ffcac354298137001635a001, type: 3}
  m_Name: 
  m_EditorClassIdentifier: 
  MaxGazeDistance: 15
  RaycastLayerMask:
    serializedVersion: 2
    m_Bits: 4294967291
  SetStabilizationPlane: 1
  LerpStabilizationPlanePowerCloser: 4
  LerpStabilizationPlanePowerFarther: 7
  UseBuiltInGazeStabilization: 1
--- !u!4 &1906700154
Transform:
  m_ObjectHideFlags: 0
  m_PrefabParentObject: {fileID: 0}
  m_PrefabInternal: {fileID: 0}
  m_GameObject: {fileID: 1906700149}
  m_LocalRotation: {x: 0, y: 0, z: 0, w: 1}
  m_LocalPosition: {x: 0.049504995, y: -0.49079597, z: 4.868356}
  m_LocalScale: {x: 1, y: 1, z: 1}
  m_LocalEulerAnglesHint: {x: 0, y: 0, z: 0}
  m_Children: []
  m_Father: {fileID: 0}
  m_RootOrder: 5
--- !u!114 &1906700155
MonoBehaviour:
  m_ObjectHideFlags: 0
  m_PrefabParentObject: {fileID: 0}
  m_PrefabInternal: {fileID: 0}
  m_GameObject: {fileID: 1906700149}
  m_Enabled: 1
  m_EditorHideFlags: 0
  m_Script: {fileID: 11500000, guid: 3d24daa77cd52dc43bbad87c898f5022, type: 3}
  m_Name: 
  m_EditorClassIdentifier: 
--- !u!1 &1999371117
GameObject:
  m_ObjectHideFlags: 0
  m_PrefabParentObject: {fileID: 1000011871902778, guid: 1063d45834f196f498e85da77335a290,
    type: 2}
  m_PrefabInternal: {fileID: 0}
  serializedVersion: 4
  m_Component:
  - 4: {fileID: 1999371120}
  - 114: {fileID: 1999371119}
  - 114: {fileID: 1999371118}
  m_Layer: 0
  m_Name: Spatial Mapping
  m_TagString: Untagged
  m_Icon: {fileID: 0}
  m_NavMeshLayer: 0
  m_StaticEditorFlags: 0
  m_IsActive: 1
--- !u!114 &1999371118
MonoBehaviour:
  m_ObjectHideFlags: 0
  m_PrefabParentObject: {fileID: 114000012969203966, guid: 1063d45834f196f498e85da77335a290,
    type: 2}
  m_PrefabInternal: {fileID: 0}
  m_GameObject: {fileID: 1999371117}
  m_Enabled: 1
  m_EditorHideFlags: 0
  m_Script: {fileID: 247442469, guid: f7b54ff4a43d4fcf81b4538b678e0bcc, type: 3}
  m_Name: 
  m_EditorClassIdentifier: 
  m_SurfaceParent: {fileID: 0}
  m_FreezeUpdates: 0
  m_Volume: 1
  m_SphereRadiusMeters: 2
  m_BoxExtentsMeters: {x: 10, y: 10, z: 10}
  m_LOD: 1
  m_NumUpdatesBeforeRemoval: 10
  m_SecondsBetweenUpdates: 1
  m_Layer: 0
  m_Material: {fileID: 0}
  m_EnableCollisions: 1
--- !u!114 &1999371119
MonoBehaviour:
  m_ObjectHideFlags: 0
  m_PrefabParentObject: {fileID: 114000013466254788, guid: 1063d45834f196f498e85da77335a290,
    type: 2}
  m_PrefabInternal: {fileID: 0}
  m_GameObject: {fileID: 1999371117}
  m_Enabled: 1
  m_EditorHideFlags: 0
  m_Script: {fileID: 11500000, guid: f5891e12b5dd94345917de99d9bd7301, type: 3}
  m_Name: 
  m_EditorClassIdentifier: 
  DrawMaterial: {fileID: 0}
  drawVisualMeshes: 0
--- !u!4 &1999371120
Transform:
  m_ObjectHideFlags: 0
  m_PrefabParentObject: {fileID: 4000010562138602, guid: 1063d45834f196f498e85da77335a290,
    type: 2}
  m_PrefabInternal: {fileID: 0}
  m_GameObject: {fileID: 1999371117}
  m_LocalRotation: {x: 0, y: 0, z: 0, w: 1}
  m_LocalPosition: {x: 0, y: 0, z: 0}
  m_LocalScale: {x: 1, y: 1, z: 1}
  m_LocalEulerAnglesHint: {x: 0, y: 0, z: 0}
  m_Children: []
  m_Father: {fileID: 0}
  m_RootOrder: 4
--- !u!1001 &2048648130
Prefab:
  m_ObjectHideFlags: 0
  serializedVersion: 2
  m_Modification:
    m_TransformParent: {fileID: 0}
    m_Modifications:
    - target: {fileID: 4000013535415816, guid: e4d025d7469d9b8469d09e1f7ec5744b, type: 2}
      propertyPath: m_LocalPosition.x
      value: 0
      objectReference: {fileID: 0}
    - target: {fileID: 4000013535415816, guid: e4d025d7469d9b8469d09e1f7ec5744b, type: 2}
      propertyPath: m_LocalPosition.y
      value: 0
      objectReference: {fileID: 0}
    - target: {fileID: 4000013535415816, guid: e4d025d7469d9b8469d09e1f7ec5744b, type: 2}
      propertyPath: m_LocalPosition.z
      value: 0
      objectReference: {fileID: 0}
    - target: {fileID: 4000013535415816, guid: e4d025d7469d9b8469d09e1f7ec5744b, type: 2}
      propertyPath: m_LocalRotation.x
      value: 0
      objectReference: {fileID: 0}
    - target: {fileID: 4000013535415816, guid: e4d025d7469d9b8469d09e1f7ec5744b, type: 2}
      propertyPath: m_LocalRotation.y
      value: 0
      objectReference: {fileID: 0}
    - target: {fileID: 4000013535415816, guid: e4d025d7469d9b8469d09e1f7ec5744b, type: 2}
      propertyPath: m_LocalRotation.z
      value: 0
      objectReference: {fileID: 0}
    - target: {fileID: 4000013535415816, guid: e4d025d7469d9b8469d09e1f7ec5744b, type: 2}
      propertyPath: m_LocalRotation.w
      value: 1
      objectReference: {fileID: 0}
    - target: {fileID: 4000013535415816, guid: e4d025d7469d9b8469d09e1f7ec5744b, type: 2}
      propertyPath: m_RootOrder
      value: 2
      objectReference: {fileID: 0}
    m_RemovedComponents: []
  m_ParentPrefab: {fileID: 100100000, guid: e4d025d7469d9b8469d09e1f7ec5744b, type: 2}
  m_IsPrefabParent: 0
--- !u!1001 &2104626239
Prefab:
  m_ObjectHideFlags: 0
  serializedVersion: 2
  m_Modification:
    m_TransformParent: {fileID: 647168132}
    m_Modifications:
    - target: {fileID: 4000012721501012, guid: d2a594b5f9d82314181274271af45033, type: 2}
      propertyPath: m_LocalPosition.x
      value: 0
      objectReference: {fileID: 0}
    - target: {fileID: 4000012721501012, guid: d2a594b5f9d82314181274271af45033, type: 2}
      propertyPath: m_LocalPosition.y
      value: 0
      objectReference: {fileID: 0}
    - target: {fileID: 4000012721501012, guid: d2a594b5f9d82314181274271af45033, type: 2}
      propertyPath: m_LocalPosition.z
      value: 0
      objectReference: {fileID: 0}
    - target: {fileID: 4000012721501012, guid: d2a594b5f9d82314181274271af45033, type: 2}
      propertyPath: m_LocalRotation.x
      value: -0
      objectReference: {fileID: 0}
    - target: {fileID: 4000012721501012, guid: d2a594b5f9d82314181274271af45033, type: 2}
      propertyPath: m_LocalRotation.y
      value: -0
      objectReference: {fileID: 0}
    - target: {fileID: 4000012721501012, guid: d2a594b5f9d82314181274271af45033, type: 2}
      propertyPath: m_LocalRotation.z
      value: -0
      objectReference: {fileID: 0}
    - target: {fileID: 4000012721501012, guid: d2a594b5f9d82314181274271af45033, type: 2}
      propertyPath: m_LocalRotation.w
      value: 1
      objectReference: {fileID: 0}
    - target: {fileID: 4000012721501012, guid: d2a594b5f9d82314181274271af45033, type: 2}
      propertyPath: m_RootOrder
      value: 3
      objectReference: {fileID: 0}
    - target: {fileID: 4000012721501012, guid: d2a594b5f9d82314181274271af45033, type: 2}
      propertyPath: m_LocalScale.x
      value: 3
      objectReference: {fileID: 0}
    - target: {fileID: 4000012721501012, guid: d2a594b5f9d82314181274271af45033, type: 2}
      propertyPath: m_LocalScale.y
      value: 3
      objectReference: {fileID: 0}
    - target: {fileID: 4000012721501012, guid: d2a594b5f9d82314181274271af45033, type: 2}
      propertyPath: m_LocalScale.z
      value: 3
      objectReference: {fileID: 0}
    - target: {fileID: 1000010755506906, guid: d2a594b5f9d82314181274271af45033, type: 2}
      propertyPath: m_IsActive
      value: 1
      objectReference: {fileID: 0}
    - target: {fileID: 1000010755506906, guid: d2a594b5f9d82314181274271af45033, type: 2}
      propertyPath: m_Name
      value: YVelocity
      objectReference: {fileID: 0}
    m_RemovedComponents: []
  m_ParentPrefab: {fileID: 100100000, guid: d2a594b5f9d82314181274271af45033, type: 2}
  m_IsPrefabParent: 0
--- !u!4 &2104626240 stripped
Transform:
  m_PrefabParentObject: {fileID: 4000012721501012, guid: d2a594b5f9d82314181274271af45033,
    type: 2}
  m_PrefabInternal: {fileID: 2104626239}
