%YAML 1.1
%TAG !u! tag:unity3d.com,2011:
--- !u!29 &1
SceneSettings:
  m_ObjectHideFlags: 0
  m_PVSData: 
  m_PVSObjectsArray: []
  m_PVSPortalsArray: []
  m_OcclusionBakeSettings:
    smallestOccluder: 5
    smallestHole: 0.25
    backfaceThreshold: 100
--- !u!104 &2
RenderSettings:
  m_ObjectHideFlags: 0
  serializedVersion: 7
  m_Fog: 0
  m_FogColor: {r: 0.5, g: 0.5, b: 0.5, a: 1}
  m_FogMode: 3
  m_FogDensity: 0.01
  m_LinearFogStart: 0
  m_LinearFogEnd: 300
  m_AmbientSkyColor: {r: 0.212, g: 0.227, b: 0.259, a: 1}
  m_AmbientEquatorColor: {r: 0.114, g: 0.125, b: 0.133, a: 1}
  m_AmbientGroundColor: {r: 0.047, g: 0.043, b: 0.035, a: 1}
  m_AmbientIntensity: 1
  m_AmbientMode: 0
  m_SkyboxMaterial: {fileID: 10304, guid: 0000000000000000f000000000000000, type: 0}
  m_HaloStrength: 0.5
  m_FlareStrength: 1
  m_FlareFadeSpeed: 3
  m_HaloTexture: {fileID: 0}
  m_SpotCookie: {fileID: 10001, guid: 0000000000000000e000000000000000, type: 0}
  m_DefaultReflectionMode: 0
  m_DefaultReflectionResolution: 128
  m_ReflectionBounces: 1
  m_ReflectionIntensity: 1
  m_CustomReflection: {fileID: 0}
  m_Sun: {fileID: 0}
  m_IndirectSpecularColor: {r: 0.45055842, g: 0.5006316, b: 0.57580507, a: 1}
--- !u!157 &3
LightmapSettings:
  m_ObjectHideFlags: 0
  serializedVersion: 7
  m_GIWorkflowMode: 0
  m_GISettings:
    serializedVersion: 2
    m_BounceScale: 1
    m_IndirectOutputScale: 1
    m_AlbedoBoost: 1
    m_TemporalCoherenceThreshold: 1
    m_EnvironmentLightingMode: 0
    m_EnableBakedLightmaps: 1
    m_EnableRealtimeLightmaps: 1
  m_LightmapEditorSettings:
    serializedVersion: 4
    m_Resolution: 2
    m_BakeResolution: 40
    m_TextureWidth: 1024
    m_TextureHeight: 1024
    m_AO: 0
    m_AOMaxDistance: 1
    m_CompAOExponent: 1
    m_CompAOExponentDirect: 0
    m_Padding: 2
    m_LightmapParameters: {fileID: 0}
    m_LightmapsBakeMode: 1
    m_TextureCompression: 1
    m_DirectLightInLightProbes: 1
    m_FinalGather: 0
    m_FinalGatherFiltering: 1
    m_FinalGatherRayCount: 256
    m_ReflectionCompression: 2
  m_LightingDataAsset: {fileID: 0}
  m_RuntimeCPUUsage: 25
--- !u!196 &4
NavMeshSettings:
  serializedVersion: 2
  m_ObjectHideFlags: 0
  m_BuildSettings:
    serializedVersion: 2
    agentRadius: 0.5
    agentHeight: 2
    agentSlope: 45
    agentClimb: 0.4
    ledgeDropHeight: 0
    maxJumpAcrossDistance: 0
    accuratePlacement: 0
    minRegionArea: 2
    cellSize: 0.16666667
    manualCellSize: 0
  m_NavMeshData: {fileID: 0}
--- !u!4 &360276050 stripped
Transform:
  m_PrefabParentObject: {fileID: 4000012326645744, guid: a761c74eceab594439a8a3fc53f11d4c,
    type: 2}
  m_PrefabInternal: {fileID: 1319547479}
--- !u!1001 &383067102
Prefab:
  m_ObjectHideFlags: 0
  serializedVersion: 2
  m_Modification:
    m_TransformParent: {fileID: 1936393584}
    m_Modifications:
    - target: {fileID: 4000012721501012, guid: d2a594b5f9d82314181274271af45033, type: 2}
      propertyPath: m_LocalPosition.x
      value: 0
      objectReference: {fileID: 0}
    - target: {fileID: 4000012721501012, guid: d2a594b5f9d82314181274271af45033, type: 2}
      propertyPath: m_LocalPosition.y
      value: 0
      objectReference: {fileID: 0}
    - target: {fileID: 4000012721501012, guid: d2a594b5f9d82314181274271af45033, type: 2}
      propertyPath: m_LocalPosition.z
      value: 0
      objectReference: {fileID: 0}
    - target: {fileID: 4000012721501012, guid: d2a594b5f9d82314181274271af45033, type: 2}
      propertyPath: m_LocalRotation.x
      value: -0
      objectReference: {fileID: 0}
    - target: {fileID: 4000012721501012, guid: d2a594b5f9d82314181274271af45033, type: 2}
      propertyPath: m_LocalRotation.y
      value: -0
      objectReference: {fileID: 0}
    - target: {fileID: 4000012721501012, guid: d2a594b5f9d82314181274271af45033, type: 2}
      propertyPath: m_LocalRotation.z
      value: -0
      objectReference: {fileID: 0}
    - target: {fileID: 4000012721501012, guid: d2a594b5f9d82314181274271af45033, type: 2}
      propertyPath: m_LocalRotation.w
      value: 1
      objectReference: {fileID: 0}
    - target: {fileID: 4000012721501012, guid: d2a594b5f9d82314181274271af45033, type: 2}
      propertyPath: m_RootOrder
      value: 3
      objectReference: {fileID: 0}
    - target: {fileID: 4000012721501012, guid: d2a594b5f9d82314181274271af45033, type: 2}
      propertyPath: m_LocalScale.x
      value: 2.8
      objectReference: {fileID: 0}
    - target: {fileID: 4000012721501012, guid: d2a594b5f9d82314181274271af45033, type: 2}
      propertyPath: m_LocalScale.y
      value: 2.8
      objectReference: {fileID: 0}
    - target: {fileID: 4000012721501012, guid: d2a594b5f9d82314181274271af45033, type: 2}
      propertyPath: m_LocalScale.z
      value: 2.8
      objectReference: {fileID: 0}
    - target: {fileID: 1000010755506906, guid: d2a594b5f9d82314181274271af45033, type: 2}
      propertyPath: m_IsActive
      value: 1
      objectReference: {fileID: 0}
    - target: {fileID: 1000010755506906, guid: d2a594b5f9d82314181274271af45033, type: 2}
      propertyPath: m_Name
      value: YVelocity
      objectReference: {fileID: 0}
    m_RemovedComponents: []
  m_ParentPrefab: {fileID: 100100000, guid: d2a594b5f9d82314181274271af45033, type: 2}
  m_IsPrefabParent: 0
--- !u!1 &460913201
GameObject:
  m_ObjectHideFlags: 0
  m_PrefabParentObject: {fileID: 0}
  m_PrefabInternal: {fileID: 0}
  serializedVersion: 4
  m_Component:
  - 4: {fileID: 460913202}
  m_Layer: 0
  m_Name: EndLevelMenu
  m_TagString: Untagged
  m_Icon: {fileID: 0}
  m_NavMeshLayer: 0
  m_StaticEditorFlags: 0
  m_IsActive: 1
--- !u!4 &460913202
Transform:
  m_ObjectHideFlags: 0
  m_PrefabParentObject: {fileID: 0}
  m_PrefabInternal: {fileID: 0}
  m_GameObject: {fileID: 460913201}
  m_LocalRotation: {x: 0, y: 0, z: 0, w: 1}
  m_LocalPosition: {x: -0.0000000018626451, y: 0.0024999485, z: -1}
  m_LocalScale: {x: 1, y: 1, z: 1}
  m_LocalEulerAnglesHint: {x: 0, y: 0, z: 0}
  m_Children:
  - {fileID: 577366177}
  - {fileID: 1302654055}
  - {fileID: 1879266330}
  m_Father: {fileID: 0}
  m_RootOrder: 3
--- !u!1001 &463401345
Prefab:
  m_ObjectHideFlags: 0
  serializedVersion: 2
  m_Modification:
    m_TransformParent: {fileID: 1936393584}
    m_Modifications:
    - target: {fileID: 4000012326645744, guid: a761c74eceab594439a8a3fc53f11d4c, type: 2}
      propertyPath: m_LocalPosition.x
      value: 0
      objectReference: {fileID: 0}
    - target: {fileID: 4000012326645744, guid: a761c74eceab594439a8a3fc53f11d4c, type: 2}
      propertyPath: m_LocalPosition.y
      value: 0
      objectReference: {fileID: 0}
    - target: {fileID: 4000012326645744, guid: a761c74eceab594439a8a3fc53f11d4c, type: 2}
      propertyPath: m_LocalPosition.z
      value: 0
      objectReference: {fileID: 0}
    - target: {fileID: 4000012326645744, guid: a761c74eceab594439a8a3fc53f11d4c, type: 2}
      propertyPath: m_LocalRotation.x
      value: 0.7071068
      objectReference: {fileID: 0}
    - target: {fileID: 4000012326645744, guid: a761c74eceab594439a8a3fc53f11d4c, type: 2}
      propertyPath: m_LocalRotation.y
      value: 0
      objectReference: {fileID: 0}
    - target: {fileID: 4000012326645744, guid: a761c74eceab594439a8a3fc53f11d4c, type: 2}
      propertyPath: m_LocalRotation.z
      value: 0
      objectReference: {fileID: 0}
    - target: {fileID: 4000012326645744, guid: a761c74eceab594439a8a3fc53f11d4c, type: 2}
      propertyPath: m_LocalRotation.w
      value: 0.7071068
      objectReference: {fileID: 0}
    - target: {fileID: 4000012326645744, guid: a761c74eceab594439a8a3fc53f11d4c, type: 2}
      propertyPath: m_RootOrder
      value: 0
      objectReference: {fileID: 0}
    - target: {fileID: 4000012326645744, guid: a761c74eceab594439a8a3fc53f11d4c, type: 2}
      propertyPath: m_LocalEulerAnglesHint.z
      value: 0
      objectReference: {fileID: 0}
    - target: {fileID: 4000012326645744, guid: a761c74eceab594439a8a3fc53f11d4c, type: 2}
      propertyPath: m_LocalScale.x
      value: 2.8
      objectReference: {fileID: 0}
    - target: {fileID: 4000012326645744, guid: a761c74eceab594439a8a3fc53f11d4c, type: 2}
      propertyPath: m_LocalScale.y
      value: 2.8
      objectReference: {fileID: 0}
    - target: {fileID: 4000012326645744, guid: a761c74eceab594439a8a3fc53f11d4c, type: 2}
      propertyPath: m_LocalScale.z
      value: 2.8
      objectReference: {fileID: 0}
    - target: {fileID: 1000013782261526, guid: a761c74eceab594439a8a3fc53f11d4c, type: 2}
      propertyPath: m_IsActive
      value: 1
      objectReference: {fileID: 0}
    - target: {fileID: 1000013782261526, guid: a761c74eceab594439a8a3fc53f11d4c, type: 2}
      propertyPath: m_Name
      value: ZVelocity
      objectReference: {fileID: 0}
    - target: {fileID: 4000012326645744, guid: a761c74eceab594439a8a3fc53f11d4c, type: 2}
      propertyPath: m_LocalEulerAnglesHint.x
      value: 90
      objectReference: {fileID: 0}
    m_RemovedComponents: []
  m_ParentPrefab: {fileID: 100100000, guid: a761c74eceab594439a8a3fc53f11d4c, type: 2}
  m_IsPrefabParent: 0
--- !u!4 &463401346 stripped
Transform:
  m_PrefabParentObject: {fileID: 4000012326645744, guid: a761c74eceab594439a8a3fc53f11d4c,
    type: 2}
  m_PrefabInternal: {fileID: 463401345}
--- !u!1 &577366176
GameObject:
  m_ObjectHideFlags: 0
  m_PrefabParentObject: {fileID: 0}
  m_PrefabInternal: {fileID: 0}
  serializedVersion: 4
  m_Component:
  - 4: {fileID: 577366177}
  - 23: {fileID: 577366181}
  - 102: {fileID: 577366180}
  - 65: {fileID: 577366179}
  - 114: {fileID: 577366178}
  m_Layer: 0
  m_Name: tutorial_k3
  m_TagString: Untagged
  m_Icon: {fileID: 0}
  m_NavMeshLayer: 0
  m_StaticEditorFlags: 0
  m_IsActive: 1
--- !u!4 &577366177
Transform:
  m_ObjectHideFlags: 0
  m_PrefabParentObject: {fileID: 0}
  m_PrefabInternal: {fileID: 0}
  m_GameObject: {fileID: 577366176}
  m_LocalRotation: {x: -0, y: -0, z: -0, w: 1}
  m_LocalPosition: {x: 0.023, y: -0.5, z: 4}
  m_LocalScale: {x: 0.3, y: 0.3, z: 0.3}
  m_LocalEulerAnglesHint: {x: 0, y: 0, z: 0}
  m_Children: []
  m_Father: {fileID: 460913202}
  m_RootOrder: 0
--- !u!114 &577366178
MonoBehaviour:
  m_ObjectHideFlags: 0
  m_PrefabParentObject: {fileID: 0}
  m_PrefabInternal: {fileID: 0}
  m_GameObject: {fileID: 577366176}
  m_Enabled: 1
  m_EditorHideFlags: 0
  m_Script: {fileID: 11500000, guid: fbaaa86310b2deb48a8a924956841a35, type: 3}
  m_Name: 
  m_EditorClassIdentifier: 
--- !u!65 &577366179
BoxCollider:
  m_ObjectHideFlags: 0
  m_PrefabParentObject: {fileID: 0}
  m_PrefabInternal: {fileID: 0}
  m_GameObject: {fileID: 577366176}
  m_Material: {fileID: 0}
  m_IsTrigger: 0
  m_Enabled: 1
  serializedVersion: 2
  m_Size: {x: 3, y: 0.5, z: 0}
  m_Center: {x: 0.15, y: 0, z: 0}
--- !u!102 &577366180
TextMesh:
  serializedVersion: 3
  m_ObjectHideFlags: 0
  m_PrefabParentObject: {fileID: 0}
  m_PrefabInternal: {fileID: 0}
  m_GameObject: {fileID: 577366176}
  m_Text: Next Level
  m_OffsetZ: 0
  m_CharacterSize: 0.1
  m_LineSpacing: 1
  m_Anchor: 4
  m_Alignment: 1
  m_TabSize: 4
  m_FontSize: 50
  m_FontStyle: 0
  m_RichText: 1
  m_Font: {fileID: 12800000, guid: 7bc8f4815a4ab2e4fbc23fc239d1c0c6, type: 3}
  m_Color:
    serializedVersion: 2
    rgba: 4278255615
--- !u!23 &577366181
MeshRenderer:
  m_ObjectHideFlags: 0
  m_PrefabParentObject: {fileID: 0}
  m_PrefabInternal: {fileID: 0}
  m_GameObject: {fileID: 577366176}
  m_Enabled: 1
  m_CastShadows: 1
  m_ReceiveShadows: 1
  m_MotionVectors: 1
  m_LightProbeUsage: 1
  m_ReflectionProbeUsage: 1
  m_Materials:
  - {fileID: 2100000, guid: 7bc8f4815a4ab2e4fbc23fc239d1c0c6, type: 3}
  m_SubsetIndices: 
  m_StaticBatchRoot: {fileID: 0}
  m_ProbeAnchor: {fileID: 0}
  m_LightProbeVolumeOverride: {fileID: 0}
  m_ScaleInLightmap: 1
  m_PreserveUVs: 0
  m_IgnoreNormalsForChartDetection: 0
  m_ImportantGI: 0
  m_SelectedWireframeHidden: 0
  m_MinimumChartSize: 4
  m_AutoUVMaxDistance: 0.5
  m_AutoUVMaxAngle: 89
  m_LightmapParameters: {fileID: 0}
  m_SortingLayerID: 0
  m_SortingOrder: 0
--- !u!4 &680520920 stripped
Transform:
  m_PrefabParentObject: {fileID: 4000012721501012, guid: d2a594b5f9d82314181274271af45033,
    type: 2}
  m_PrefabInternal: {fileID: 383067102}
--- !u!1001 &814336369
Prefab:
  m_ObjectHideFlags: 0
  serializedVersion: 2
  m_Modification:
    m_TransformParent: {fileID: 1936393584}
    m_Modifications:
    - target: {fileID: 4000012226815286, guid: e11d30810b5afa14c85013e2284811f7, type: 2}
      propertyPath: m_LocalPosition.x
      value: 0
      objectReference: {fileID: 0}
    - target: {fileID: 4000012226815286, guid: e11d30810b5afa14c85013e2284811f7, type: 2}
      propertyPath: m_LocalPosition.y
      value: -0.05
      objectReference: {fileID: 0}
    - target: {fileID: 4000012226815286, guid: e11d30810b5afa14c85013e2284811f7, type: 2}
      propertyPath: m_LocalPosition.z
      value: 0
      objectReference: {fileID: 0}
    - target: {fileID: 4000012226815286, guid: e11d30810b5afa14c85013e2284811f7, type: 2}
      propertyPath: m_LocalRotation.x
      value: 0
      objectReference: {fileID: 0}
    - target: {fileID: 4000012226815286, guid: e11d30810b5afa14c85013e2284811f7, type: 2}
      propertyPath: m_LocalRotation.y
      value: 0
      objectReference: {fileID: 0}
    - target: {fileID: 4000012226815286, guid: e11d30810b5afa14c85013e2284811f7, type: 2}
      propertyPath: m_LocalRotation.z
      value: 1
      objectReference: {fileID: 0}
    - target: {fileID: 4000012226815286, guid: e11d30810b5afa14c85013e2284811f7, type: 2}
      propertyPath: m_LocalRotation.w
      value: 0
      objectReference: {fileID: 0}
    - target: {fileID: 4000012226815286, guid: e11d30810b5afa14c85013e2284811f7, type: 2}
      propertyPath: m_RootOrder
      value: 2
      objectReference: {fileID: 0}
    - target: {fileID: 1000011898056388, guid: e11d30810b5afa14c85013e2284811f7, type: 2}
      propertyPath: m_Name
      value: Gravity
      objectReference: {fileID: 0}
    m_RemovedComponents: []
  m_ParentPrefab: {fileID: 100100000, guid: e11d30810b5afa14c85013e2284811f7, type: 2}
  m_IsPrefabParent: 0
--- !u!1001 &826666601
Prefab:
  m_ObjectHideFlags: 0
  serializedVersion: 2
  m_Modification:
    m_TransformParent: {fileID: 1878476180}
    m_Modifications:
    - target: {fileID: 4000012326645744, guid: a761c74eceab594439a8a3fc53f11d4c, type: 2}
      propertyPath: m_LocalPosition.x
      value: 0
      objectReference: {fileID: 0}
    - target: {fileID: 4000012326645744, guid: a761c74eceab594439a8a3fc53f11d4c, type: 2}
      propertyPath: m_LocalPosition.y
      value: 0
      objectReference: {fileID: 0}
    - target: {fileID: 4000012326645744, guid: a761c74eceab594439a8a3fc53f11d4c, type: 2}
      propertyPath: m_LocalPosition.z
      value: 0
      objectReference: {fileID: 0}
    - target: {fileID: 4000012326645744, guid: a761c74eceab594439a8a3fc53f11d4c, type: 2}
      propertyPath: m_LocalRotation.x
      value: 0.7071068
      objectReference: {fileID: 0}
    - target: {fileID: 4000012326645744, guid: a761c74eceab594439a8a3fc53f11d4c, type: 2}
      propertyPath: m_LocalRotation.y
      value: 0
      objectReference: {fileID: 0}
    - target: {fileID: 4000012326645744, guid: a761c74eceab594439a8a3fc53f11d4c, type: 2}
      propertyPath: m_LocalRotation.z
      value: 0
      objectReference: {fileID: 0}
    - target: {fileID: 4000012326645744, guid: a761c74eceab594439a8a3fc53f11d4c, type: 2}
      propertyPath: m_LocalRotation.w
      value: 0.7071068
      objectReference: {fileID: 0}
    - target: {fileID: 4000012326645744, guid: a761c74eceab594439a8a3fc53f11d4c, type: 2}
      propertyPath: m_RootOrder
      value: 0
      objectReference: {fileID: 0}
    - target: {fileID: 1000013782261526, guid: a761c74eceab594439a8a3fc53f11d4c, type: 2}
      propertyPath: m_Name
      value: TotalVelocity
      objectReference: {fileID: 0}
    - target: {fileID: 4000012326645744, guid: a761c74eceab594439a8a3fc53f11d4c, type: 2}
      propertyPath: m_LocalEulerAnglesHint.z
      value: 0
      objectReference: {fileID: 0}
    - target: {fileID: 4000012326645744, guid: a761c74eceab594439a8a3fc53f11d4c, type: 2}
      propertyPath: m_LocalScale.x
      value: 9.530998
      objectReference: {fileID: 0}
    - target: {fileID: 4000012326645744, guid: a761c74eceab594439a8a3fc53f11d4c, type: 2}
      propertyPath: m_LocalScale.y
      value: 9.53
      objectReference: {fileID: 0}
    - target: {fileID: 4000012326645744, guid: a761c74eceab594439a8a3fc53f11d4c, type: 2}
      propertyPath: m_LocalScale.z
      value: 9.53
      objectReference: {fileID: 0}
    - target: {fileID: 1000013782261526, guid: a761c74eceab594439a8a3fc53f11d4c, type: 2}
      propertyPath: m_IsActive
      value: 1
      objectReference: {fileID: 0}
    - target: {fileID: 23000013553942216, guid: a761c74eceab594439a8a3fc53f11d4c,
        type: 2}
      propertyPath: m_Materials.Array.data[0]
      value: 
      objectReference: {fileID: 2100000, guid: 7f2784ef7a8fc324791afb12a3f1d024, type: 2}
    - target: {fileID: 4000012326645744, guid: a761c74eceab594439a8a3fc53f11d4c, type: 2}
      propertyPath: m_LocalEulerAnglesHint.x
      value: 90
      objectReference: {fileID: 0}
    m_RemovedComponents: []
  m_ParentPrefab: {fileID: 100100000, guid: a761c74eceab594439a8a3fc53f11d4c, type: 2}
  m_IsPrefabParent: 0
--- !u!4 &826666602 stripped
Transform:
  m_PrefabParentObject: {fileID: 4000012326645744, guid: a761c74eceab594439a8a3fc53f11d4c,
    type: 2}
  m_PrefabInternal: {fileID: 826666601}
--- !u!4 &923666387 stripped
Transform:
  m_PrefabParentObject: {fileID: 4000012226815286, guid: e11d30810b5afa14c85013e2284811f7,
    type: 2}
  m_PrefabInternal: {fileID: 814336369}
--- !u!4 &931020664 stripped
Transform:
  m_PrefabParentObject: {fileID: 412860, guid: b3d0fa1645b2b1a4398aca020e52925e, type: 2}
  m_PrefabInternal: {fileID: 2008443681}
--- !u!1 &1159587277 stripped
GameObject:
  m_PrefabParentObject: {fileID: 100000, guid: e31c7080d91978349bc94cf1bea184e2, type: 3}
  m_PrefabInternal: {fileID: 1820913722}
--- !u!114 &1159587281
MonoBehaviour:
  m_ObjectHideFlags: 0
  m_PrefabParentObject: {fileID: 0}
  m_PrefabInternal: {fileID: 0}
  m_GameObject: {fileID: 1159587277}
  m_Enabled: 1
  m_EditorHideFlags: 0
  m_Script: {fileID: 11500000, guid: f61e057aedb013f4e9a5a78dc3de55c6, type: 3}
  m_Name: 
  m_EditorClassIdentifier: 
--- !u!1 &1232073824
GameObject:
  m_ObjectHideFlags: 0
  m_PrefabParentObject: {fileID: 0}
  m_PrefabInternal: {fileID: 0}
  serializedVersion: 4
  m_Component:
  - 4: {fileID: 1232073827}
  - 114: {fileID: 1232073826}
  - 82: {fileID: 1232073825}
  m_Layer: 0
  m_Name: AudioManager
  m_TagString: Untagged
  m_Icon: {fileID: 0}
  m_NavMeshLayer: 0
  m_StaticEditorFlags: 0
  m_IsActive: 1
--- !u!82 &1232073825
AudioSource:
  m_ObjectHideFlags: 0
  m_PrefabParentObject: {fileID: 0}
  m_PrefabInternal: {fileID: 0}
  m_GameObject: {fileID: 1232073824}
  m_Enabled: 1
  serializedVersion: 4
  OutputAudioMixerGroup: {fileID: 0}
  m_audioClip: {fileID: 8300000, guid: ef5bff116ae485647a61c9f41897db5f, type: 3}
  m_PlayOnAwake: 1
  m_Volume: 1
  m_Pitch: 1
  Loop: 1
  Mute: 0
  Spatialize: 0
  Priority: 128
  DopplerLevel: 0.1
  MinDistance: 1
  MaxDistance: 500
  Pan2D: 0
  rolloffMode: 0
  BypassEffects: 0
  BypassListenerEffects: 0
  BypassReverbZones: 0
  rolloffCustomCurve:
    serializedVersion: 2
    m_Curve:
    - time: 0
      value: 1
      inSlope: 0
      outSlope: 0
      tangentMode: 0
    - time: 1
      value: 0
      inSlope: 0
      outSlope: 0
      tangentMode: 0
    m_PreInfinity: 2
    m_PostInfinity: 2
    m_RotationOrder: 4
  panLevelCustomCurve:
    serializedVersion: 2
    m_Curve:
    - time: 0
      value: 1
      inSlope: 0
      outSlope: 0
      tangentMode: 0
    m_PreInfinity: 2
    m_PostInfinity: 2
    m_RotationOrder: 0
  spreadCustomCurve:
    serializedVersion: 2
    m_Curve:
    - time: 0
      value: 0
      inSlope: 0
      outSlope: 0
      tangentMode: 0
    m_PreInfinity: 2
    m_PostInfinity: 2
    m_RotationOrder: 0
  reverbZoneMixCustomCurve:
    serializedVersion: 2
    m_Curve:
    - time: 0
      value: 1
      inSlope: 0
      outSlope: 0
      tangentMode: 0
    m_PreInfinity: 2
    m_PostInfinity: 2
    m_RotationOrder: 0
--- !u!114 &1232073826
MonoBehaviour:
  m_ObjectHideFlags: 0
  m_PrefabParentObject: {fileID: 0}
  m_PrefabInternal: {fileID: 0}
  m_GameObject: {fileID: 1232073824}
  m_Enabled: 1
  m_EditorHideFlags: 0
  m_Script: {fileID: 11500000, guid: 2ed867247783aab439e6f103454f8456, type: 3}
  m_Name: 
  m_EditorClassIdentifier: 
--- !u!4 &1232073827
Transform:
  m_ObjectHideFlags: 0
  m_PrefabParentObject: {fileID: 0}
  m_PrefabInternal: {fileID: 0}
  m_GameObject: {fileID: 1232073824}
  m_LocalRotation: {x: 0, y: 0, z: 0, w: 1}
  m_LocalPosition: {x: -0.23941065, y: 0.88026345, z: 1.6265574}
  m_LocalScale: {x: 1, y: 1, z: 1}
  m_LocalEulerAnglesHint: {x: 0, y: 0, z: 0}
  m_Children: []
  m_Father: {fileID: 0}
  m_RootOrder: 5
--- !u!1 &1302654054
GameObject:
  m_ObjectHideFlags: 0
  m_PrefabParentObject: {fileID: 0}
  m_PrefabInternal: {fileID: 0}
  serializedVersion: 4
  m_Component:
  - 4: {fileID: 1302654055}
  - 23: {fileID: 1302654057}
  - 102: {fileID: 1302654056}
  - 114: {fileID: 1302654059}
  - 65: {fileID: 1302654058}
  m_Layer: 0
  m_Name: kinematics_2
  m_TagString: Untagged
  m_Icon: {fileID: 0}
  m_NavMeshLayer: 0
  m_StaticEditorFlags: 0
  m_IsActive: 1
--- !u!4 &1302654055
Transform:
  m_ObjectHideFlags: 0
  m_PrefabParentObject: {fileID: 0}
  m_PrefabInternal: {fileID: 0}
  m_GameObject: {fileID: 1302654054}
  m_LocalRotation: {x: 0, y: 0, z: 0, w: 1}
  m_LocalPosition: {x: -0.645, y: -0.673, z: 4}
  m_LocalScale: {x: 0.3, y: 0.3, z: 0.3}
  m_LocalEulerAnglesHint: {x: 0, y: 0, z: 0}
  m_Children: []
  m_Father: {fileID: 460913202}
  m_RootOrder: 1
--- !u!102 &1302654056
TextMesh:
  serializedVersion: 3
  m_ObjectHideFlags: 0
  m_PrefabParentObject: {fileID: 0}
  m_PrefabInternal: {fileID: 0}
  m_GameObject: {fileID: 1302654054}
  m_Text: Replay
  m_OffsetZ: 0
  m_CharacterSize: 0.1
  m_LineSpacing: 1
  m_Anchor: 4
  m_Alignment: 1
  m_TabSize: 4
  m_FontSize: 50
  m_FontStyle: 0
  m_RichText: 1
  m_Font: {fileID: 12800000, guid: 7bc8f4815a4ab2e4fbc23fc239d1c0c6, type: 3}
  m_Color:
    serializedVersion: 2
    rgba: 4294967295
--- !u!23 &1302654057
MeshRenderer:
  m_ObjectHideFlags: 0
  m_PrefabParentObject: {fileID: 0}
  m_PrefabInternal: {fileID: 0}
  m_GameObject: {fileID: 1302654054}
  m_Enabled: 1
  m_CastShadows: 1
  m_ReceiveShadows: 1
  m_MotionVectors: 1
  m_LightProbeUsage: 1
  m_ReflectionProbeUsage: 1
  m_Materials:
  - {fileID: 2100000, guid: 7bc8f4815a4ab2e4fbc23fc239d1c0c6, type: 3}
  m_SubsetIndices: 
  m_StaticBatchRoot: {fileID: 0}
  m_ProbeAnchor: {fileID: 0}
  m_LightProbeVolumeOverride: {fileID: 0}
  m_ScaleInLightmap: 1
  m_PreserveUVs: 0
  m_IgnoreNormalsForChartDetection: 0
  m_ImportantGI: 0
  m_SelectedWireframeHidden: 0
  m_MinimumChartSize: 4
  m_AutoUVMaxDistance: 0.5
  m_AutoUVMaxAngle: 89
  m_LightmapParameters: {fileID: 0}
  m_SortingLayerID: 0
  m_SortingOrder: 0
--- !u!65 &1302654058
BoxCollider:
  m_ObjectHideFlags: 0
  m_PrefabParentObject: {fileID: 0}
  m_PrefabInternal: {fileID: 0}
  m_GameObject: {fileID: 1302654054}
  m_Material: {fileID: 0}
  m_IsTrigger: 0
  m_Enabled: 1
  serializedVersion: 2
  m_Size: {x: 2, y: 0.5, z: 0}
  m_Center: {x: 0.1, y: 0, z: 0}
--- !u!114 &1302654059
MonoBehaviour:
  m_ObjectHideFlags: 0
  m_PrefabParentObject: {fileID: 0}
  m_PrefabInternal: {fileID: 0}
  m_GameObject: {fileID: 1302654054}
  m_Enabled: 1
  m_EditorHideFlags: 0
  m_Script: {fileID: 11500000, guid: fbaaa86310b2deb48a8a924956841a35, type: 3}
  m_Name: 
  m_EditorClassIdentifier: 
--- !u!1 &1304717483
GameObject:
  m_ObjectHideFlags: 0
  m_PrefabParentObject: {fileID: 0}
  m_PrefabInternal: {fileID: 0}
  serializedVersion: 4
  m_Component:
  - 4: {fileID: 1304717484}
  - 114: {fileID: 1304717485}
  - 114: {fileID: 1304717486}
  m_Layer: 0
  m_Name: KinematicsCollection
  m_TagString: Untagged
  m_Icon: {fileID: 0}
  m_NavMeshLayer: 0
  m_StaticEditorFlags: 0
  m_IsActive: 1
--- !u!4 &1304717484
Transform:
  m_ObjectHideFlags: 0
  m_PrefabParentObject: {fileID: 0}
  m_PrefabInternal: {fileID: 0}
  m_GameObject: {fileID: 1304717483}
  m_LocalRotation: {x: 0, y: 0, z: 0, w: 1}
  m_LocalPosition: {x: 0, y: 0, z: 3}
  m_LocalScale: {x: 1, y: 1, z: 1}
  m_LocalEulerAnglesHint: {x: 0, y: 0, z: 0}
  m_Children:
  - {fileID: 2021607383}
  - {fileID: 1936393584}
  m_Father: {fileID: 0}
  m_RootOrder: 2
--- !u!114 &1304717485
MonoBehaviour:
  m_ObjectHideFlags: 0
  m_PrefabParentObject: {fileID: 0}
  m_PrefabInternal: {fileID: 0}
  m_GameObject: {fileID: 1304717483}
  m_Enabled: 1
  m_EditorHideFlags: 0
  m_Script: {fileID: 11500000, guid: c2a8561b42eae9a48bbbeaaf5a1380c7, type: 3}
  m_Name: 
  m_EditorClassIdentifier: 
--- !u!114 &1304717486
MonoBehaviour:
  m_ObjectHideFlags: 0
  m_PrefabParentObject: {fileID: 0}
  m_PrefabInternal: {fileID: 0}
  m_GameObject: {fileID: 1304717483}
  m_Enabled: 1
  m_EditorHideFlags: 0
  m_Script: {fileID: 11500000, guid: 4d1a2a33ffcac354298137001635a001, type: 3}
  m_Name: 
  m_EditorClassIdentifier: 
  MaxGazeDistance: 15
  RaycastLayerMask:
    serializedVersion: 2
    m_Bits: 4294967291
  SetStabilizationPlane: 1
  LerpStabilizationPlanePowerCloser: 4
  LerpStabilizationPlanePowerFarther: 7
  UseBuiltInGazeStabilization: 1
--- !u!1001 &1319547479
Prefab:
  m_ObjectHideFlags: 0
  serializedVersion: 2
  m_Modification:
    m_TransformParent: {fileID: 1936393584}
    m_Modifications:
    - target: {fileID: 4000012326645744, guid: a761c74eceab594439a8a3fc53f11d4c, type: 2}
      propertyPath: m_LocalPosition.x
      value: 0
      objectReference: {fileID: 0}
    - target: {fileID: 4000012326645744, guid: a761c74eceab594439a8a3fc53f11d4c, type: 2}
      propertyPath: m_LocalPosition.y
      value: 0
      objectReference: {fileID: 0}
    - target: {fileID: 4000012326645744, guid: a761c74eceab594439a8a3fc53f11d4c, type: 2}
      propertyPath: m_LocalPosition.z
      value: -0
      objectReference: {fileID: 0}
    - target: {fileID: 4000012326645744, guid: a761c74eceab594439a8a3fc53f11d4c, type: 2}
      propertyPath: m_LocalRotation.x
      value: 0
      objectReference: {fileID: 0}
    - target: {fileID: 4000012326645744, guid: a761c74eceab594439a8a3fc53f11d4c, type: 2}
      propertyPath: m_LocalRotation.y
      value: 0
      objectReference: {fileID: 0}
    - target: {fileID: 4000012326645744, guid: a761c74eceab594439a8a3fc53f11d4c, type: 2}
      propertyPath: m_LocalRotation.z
      value: -0.7071068
      objectReference: {fileID: 0}
    - target: {fileID: 4000012326645744, guid: a761c74eceab594439a8a3fc53f11d4c, type: 2}
      propertyPath: m_LocalRotation.w
      value: 0.7071068
      objectReference: {fileID: 0}
    - target: {fileID: 4000012326645744, guid: a761c74eceab594439a8a3fc53f11d4c, type: 2}
      propertyPath: m_RootOrder
      value: 4
      objectReference: {fileID: 0}
    - target: {fileID: 4000012326645744, guid: a761c74eceab594439a8a3fc53f11d4c, type: 2}
      propertyPath: m_LocalEulerAnglesHint.z
      value: -90
      objectReference: {fileID: 0}
    - target: {fileID: 4000012326645744, guid: a761c74eceab594439a8a3fc53f11d4c, type: 2}
      propertyPath: m_LocalScale.x
      value: 2.8
      objectReference: {fileID: 0}
    - target: {fileID: 4000012326645744, guid: a761c74eceab594439a8a3fc53f11d4c, type: 2}
      propertyPath: m_LocalScale.y
      value: 2.8
      objectReference: {fileID: 0}
    - target: {fileID: 4000012326645744, guid: a761c74eceab594439a8a3fc53f11d4c, type: 2}
      propertyPath: m_LocalScale.z
      value: 2.8
      objectReference: {fileID: 0}
    - target: {fileID: 1000013782261526, guid: a761c74eceab594439a8a3fc53f11d4c, type: 2}
      propertyPath: m_IsActive
      value: 1
      objectReference: {fileID: 0}
    - target: {fileID: 1000013782261526, guid: a761c74eceab594439a8a3fc53f11d4c, type: 2}
      propertyPath: m_Name
      value: XVelocity
      objectReference: {fileID: 0}
    m_RemovedComponents: []
  m_ParentPrefab: {fileID: 100100000, guid: a761c74eceab594439a8a3fc53f11d4c, type: 2}
  m_IsPrefabParent: 0
--- !u!4 &1467453651 stripped
Transform:
  m_PrefabParentObject: {fileID: 400000, guid: e31c7080d91978349bc94cf1bea184e2, type: 3}
  m_PrefabInternal: {fileID: 1795516679}
--- !u!1001 &1615584528
Prefab:
  m_ObjectHideFlags: 0
  serializedVersion: 2
  m_Modification:
    m_TransformParent: {fileID: 1936393584}
    m_Modifications:
    - target: {fileID: 453280, guid: d7c098e88f41d6a4a9eda37d232f85ec, type: 2}
      propertyPath: m_LocalPosition.x
      value: 0
      objectReference: {fileID: 0}
    - target: {fileID: 453280, guid: d7c098e88f41d6a4a9eda37d232f85ec, type: 2}
      propertyPath: m_LocalPosition.y
      value: 0
      objectReference: {fileID: 0}
    - target: {fileID: 453280, guid: d7c098e88f41d6a4a9eda37d232f85ec, type: 2}
      propertyPath: m_LocalPosition.z
      value: 0
      objectReference: {fileID: 0}
    - target: {fileID: 453280, guid: d7c098e88f41d6a4a9eda37d232f85ec, type: 2}
      propertyPath: m_LocalRotation.x
      value: 0
      objectReference: {fileID: 0}
    - target: {fileID: 453280, guid: d7c098e88f41d6a4a9eda37d232f85ec, type: 2}
      propertyPath: m_LocalRotation.y
      value: 0
      objectReference: {fileID: 0}
    - target: {fileID: 453280, guid: d7c098e88f41d6a4a9eda37d232f85ec, type: 2}
      propertyPath: m_LocalRotation.z
      value: 0
      objectReference: {fileID: 0}
    - target: {fileID: 453280, guid: d7c098e88f41d6a4a9eda37d232f85ec, type: 2}
      propertyPath: m_LocalRotation.w
      value: 1
      objectReference: {fileID: 0}
    - target: {fileID: 453280, guid: d7c098e88f41d6a4a9eda37d232f85ec, type: 2}
      propertyPath: m_RootOrder
      value: 1
      objectReference: {fileID: 0}
    - target: {fileID: 453280, guid: d7c098e88f41d6a4a9eda37d232f85ec, type: 2}
      propertyPath: m_LocalScale.x
      value: 0.1
      objectReference: {fileID: 0}
    - target: {fileID: 453280, guid: d7c098e88f41d6a4a9eda37d232f85ec, type: 2}
      propertyPath: m_LocalScale.y
      value: 0.1
      objectReference: {fileID: 0}
    - target: {fileID: 453280, guid: d7c098e88f41d6a4a9eda37d232f85ec, type: 2}
      propertyPath: m_LocalScale.z
      value: 0.1
      objectReference: {fileID: 0}
    - target: {fileID: 2371580, guid: d7c098e88f41d6a4a9eda37d232f85ec, type: 2}
      propertyPath: m_Materials.Array.data[0]
      value: 
      objectReference: {fileID: 2100000, guid: af3e57415e9b95d4ca8f30c619453acb, type: 2}
    m_RemovedComponents:
    - {fileID: 5466538, guid: d7c098e88f41d6a4a9eda37d232f85ec, type: 2}
  m_ParentPrefab: {fileID: 100100000, guid: d7c098e88f41d6a4a9eda37d232f85ec, type: 2}
  m_IsPrefabParent: 0
--- !u!4 &1615584529 stripped
Transform:
  m_PrefabParentObject: {fileID: 453280, guid: d7c098e88f41d6a4a9eda37d232f85ec, type: 2}
  m_PrefabInternal: {fileID: 1615584528}
--- !u!1001 &1724740132
Prefab:
  m_ObjectHideFlags: 0
  serializedVersion: 2
  m_Modification:
    m_TransformParent: {fileID: 0}
    m_Modifications:
    - target: {fileID: 4000013535415816, guid: e4d025d7469d9b8469d09e1f7ec5744b, type: 2}
      propertyPath: m_LocalPosition.x
      value: 0
      objectReference: {fileID: 0}
    - target: {fileID: 4000013535415816, guid: e4d025d7469d9b8469d09e1f7ec5744b, type: 2}
      propertyPath: m_LocalPosition.y
      value: 0
      objectReference: {fileID: 0}
    - target: {fileID: 4000013535415816, guid: e4d025d7469d9b8469d09e1f7ec5744b, type: 2}
      propertyPath: m_LocalPosition.z
      value: 0
      objectReference: {fileID: 0}
    - target: {fileID: 4000013535415816, guid: e4d025d7469d9b8469d09e1f7ec5744b, type: 2}
      propertyPath: m_LocalRotation.x
      value: 0
      objectReference: {fileID: 0}
    - target: {fileID: 4000013535415816, guid: e4d025d7469d9b8469d09e1f7ec5744b, type: 2}
      propertyPath: m_LocalRotation.y
      value: 0
      objectReference: {fileID: 0}
    - target: {fileID: 4000013535415816, guid: e4d025d7469d9b8469d09e1f7ec5744b, type: 2}
      propertyPath: m_LocalRotation.z
      value: 0
      objectReference: {fileID: 0}
    - target: {fileID: 4000013535415816, guid: e4d025d7469d9b8469d09e1f7ec5744b, type: 2}
      propertyPath: m_LocalRotation.w
      value: 1
      objectReference: {fileID: 0}
    - target: {fileID: 4000013535415816, guid: e4d025d7469d9b8469d09e1f7ec5744b, type: 2}
      propertyPath: m_RootOrder
      value: 4
      objectReference: {fileID: 0}
    m_RemovedComponents: []
  m_ParentPrefab: {fileID: 100100000, guid: e4d025d7469d9b8469d09e1f7ec5744b, type: 2}
  m_IsPrefabParent: 0
--- !u!1 &1753303897 stripped
GameObject:
  m_PrefabParentObject: {fileID: 100000, guid: e31c7080d91978349bc94cf1bea184e2, type: 3}
  m_PrefabInternal: {fileID: 1795516679}
--- !u!114 &1753303901
MonoBehaviour:
  m_ObjectHideFlags: 0
  m_PrefabParentObject: {fileID: 0}
  m_PrefabInternal: {fileID: 0}
  m_GameObject: {fileID: 1753303897}
  m_Enabled: 1
  m_EditorHideFlags: 0
  m_Script: {fileID: 11500000, guid: acb37bf0bb61932479c073fcb9955683, type: 3}
  m_Name: 
  m_EditorClassIdentifier: 
--- !u!1001 &1795516679
Prefab:
  m_ObjectHideFlags: 0
  serializedVersion: 2
  m_Modification:
    m_TransformParent: {fileID: 2021607383}
    m_Modifications:
    - target: {fileID: 400000, guid: e31c7080d91978349bc94cf1bea184e2, type: 3}
      propertyPath: m_LocalPosition.x
      value: 0
      objectReference: {fileID: 0}
    - target: {fileID: 400000, guid: e31c7080d91978349bc94cf1bea184e2, type: 3}
      propertyPath: m_LocalPosition.y
      value: 0
      objectReference: {fileID: 0}
    - target: {fileID: 400000, guid: e31c7080d91978349bc94cf1bea184e2, type: 3}
      propertyPath: m_LocalPosition.z
      value: 0
      objectReference: {fileID: 0}
    - target: {fileID: 400000, guid: e31c7080d91978349bc94cf1bea184e2, type: 3}
      propertyPath: m_LocalRotation.x
      value: -0
      objectReference: {fileID: 0}
    - target: {fileID: 400000, guid: e31c7080d91978349bc94cf1bea184e2, type: 3}
      propertyPath: m_LocalRotation.y
      value: -0.60282505
      objectReference: {fileID: 0}
    - target: {fileID: 400000, guid: e31c7080d91978349bc94cf1bea184e2, type: 3}
      propertyPath: m_LocalRotation.z
      value: -0
      objectReference: {fileID: 0}
    - target: {fileID: 400000, guid: e31c7080d91978349bc94cf1bea184e2, type: 3}
      propertyPath: m_LocalRotation.w
      value: 0.7978734
      objectReference: {fileID: 0}
    - target: {fileID: 400000, guid: e31c7080d91978349bc94cf1bea184e2, type: 3}
      propertyPath: m_RootOrder
      value: 1
      objectReference: {fileID: 0}
    - target: {fileID: 400000, guid: e31c7080d91978349bc94cf1bea184e2, type: 3}
      propertyPath: m_LocalScale.x
      value: 0.0019999996
      objectReference: {fileID: 0}
    - target: {fileID: 400000, guid: e31c7080d91978349bc94cf1bea184e2, type: 3}
      propertyPath: m_LocalScale.y
      value: 0.002
      objectReference: {fileID: 0}
    - target: {fileID: 400000, guid: e31c7080d91978349bc94cf1bea184e2, type: 3}
      propertyPath: m_LocalScale.z
      value: 0.0019999996
      objectReference: {fileID: 0}
    - target: {fileID: 100000, guid: e31c7080d91978349bc94cf1bea184e2, type: 3}
      propertyPath: m_Name
      value: ring2
      objectReference: {fileID: 0}
    - target: {fileID: 400000, guid: e31c7080d91978349bc94cf1bea184e2, type: 3}
      propertyPath: m_LocalEulerAnglesHint.y
      value: -74.145
      objectReference: {fileID: 0}
    - target: {fileID: 2300000, guid: e31c7080d91978349bc94cf1bea184e2, type: 3}
      propertyPath: m_Materials.Array.data[0]
      value: 
      objectReference: {fileID: 2100000, guid: 4d7d5ed5711e073448cb29d8247af9e8, type: 2}
    m_RemovedComponents: []
  m_ParentPrefab: {fileID: 100100000, guid: e31c7080d91978349bc94cf1bea184e2, type: 3}
  m_IsPrefabParent: 0
--- !u!1001 &1820913722
Prefab:
  m_ObjectHideFlags: 0
  serializedVersion: 2
  m_Modification:
    m_TransformParent: {fileID: 2021607383}
    m_Modifications:
    - target: {fileID: 400000, guid: e31c7080d91978349bc94cf1bea184e2, type: 3}
      propertyPath: m_LocalPosition.x
      value: 0
      objectReference: {fileID: 0}
    - target: {fileID: 400000, guid: e31c7080d91978349bc94cf1bea184e2, type: 3}
      propertyPath: m_LocalPosition.y
      value: 0
      objectReference: {fileID: 0}
    - target: {fileID: 400000, guid: e31c7080d91978349bc94cf1bea184e2, type: 3}
      propertyPath: m_LocalPosition.z
      value: 0
      objectReference: {fileID: 0}
    - target: {fileID: 400000, guid: e31c7080d91978349bc94cf1bea184e2, type: 3}
      propertyPath: m_LocalRotation.x
      value: -0
      objectReference: {fileID: 0}
    - target: {fileID: 400000, guid: e31c7080d91978349bc94cf1bea184e2, type: 3}
      propertyPath: m_LocalRotation.y
      value: 0.09277028
      objectReference: {fileID: 0}
    - target: {fileID: 400000, guid: e31c7080d91978349bc94cf1bea184e2, type: 3}
      propertyPath: m_LocalRotation.z
      value: -0
      objectReference: {fileID: 0}
    - target: {fileID: 400000, guid: e31c7080d91978349bc94cf1bea184e2, type: 3}
      propertyPath: m_LocalRotation.w
      value: 0.99568754
      objectReference: {fileID: 0}
    - target: {fileID: 400000, guid: e31c7080d91978349bc94cf1bea184e2, type: 3}
      propertyPath: m_RootOrder
      value: 0
      objectReference: {fileID: 0}
    - target: {fileID: 400000, guid: e31c7080d91978349bc94cf1bea184e2, type: 3}
      propertyPath: m_LocalScale.x
      value: 0.0020000006
      objectReference: {fileID: 0}
    - target: {fileID: 400000, guid: e31c7080d91978349bc94cf1bea184e2, type: 3}
      propertyPath: m_LocalScale.y
      value: 0.002
      objectReference: {fileID: 0}
    - target: {fileID: 400000, guid: e31c7080d91978349bc94cf1bea184e2, type: 3}
      propertyPath: m_LocalScale.z
      value: 0.0020000006
      objectReference: {fileID: 0}
    - target: {fileID: 100000, guid: e31c7080d91978349bc94cf1bea184e2, type: 3}
      propertyPath: m_Name
      value: ring1
      objectReference: {fileID: 0}
    - target: {fileID: 400000, guid: e31c7080d91978349bc94cf1bea184e2, type: 3}
      propertyPath: m_LocalEulerAnglesHint.y
      value: 10.646
      objectReference: {fileID: 0}
    - target: {fileID: 2300000, guid: e31c7080d91978349bc94cf1bea184e2, type: 3}
      propertyPath: m_Materials.Array.data[0]
      value: 
      objectReference: {fileID: 2100000, guid: 4d7d5ed5711e073448cb29d8247af9e8, type: 2}
    m_RemovedComponents: []
  m_ParentPrefab: {fileID: 100100000, guid: e31c7080d91978349bc94cf1bea184e2, type: 3}
  m_IsPrefabParent: 0
--- !u!1 &1878476179
GameObject:
  m_ObjectHideFlags: 0
  m_PrefabParentObject: {fileID: 0}
  m_PrefabInternal: {fileID: 0}
  serializedVersion: 4
  m_Component:
  - 4: {fileID: 1878476180}
  m_Layer: 0
  m_Name: TotalVelocityHolder
  m_TagString: Untagged
  m_Icon: {fileID: 0}
  m_NavMeshLayer: 0
  m_StaticEditorFlags: 0
  m_IsActive: 1
--- !u!4 &1878476180
Transform:
  m_ObjectHideFlags: 0
  m_PrefabParentObject: {fileID: 0}
  m_PrefabInternal: {fileID: 0}
  m_GameObject: {fileID: 1878476179}
  m_LocalRotation: {x: -0.7071068, y: 0, z: 0, w: 0.7071068}
  m_LocalPosition: {x: 0, y: 0, z: 0}
  m_LocalScale: {x: 1, y: 1, z: 1}
  m_LocalEulerAnglesHint: {x: -90, y: 0, z: 0}
  m_Children:
  - {fileID: 826666602}
  m_Father: {fileID: 1936393584}
  m_RootOrder: 5
--- !u!1 &1879266329
GameObject:
  m_ObjectHideFlags: 0
  m_PrefabParentObject: {fileID: 0}
  m_PrefabInternal: {fileID: 0}
  serializedVersion: 4
  m_Component:
  - 4: {fileID: 1879266330}
  - 23: {fileID: 1879266332}
  - 102: {fileID: 1879266331}
  - 65: {fileID: 1879266333}
  - 114: {fileID: 1879266334}
  m_Layer: 0
  m_Name: menu
  m_TagString: Untagged
  m_Icon: {fileID: 0}
  m_NavMeshLayer: 0
  m_StaticEditorFlags: 0
  m_IsActive: 1
--- !u!4 &1879266330
Transform:
  m_ObjectHideFlags: 0
  m_PrefabParentObject: {fileID: 0}
  m_PrefabInternal: {fileID: 0}
  m_GameObject: {fileID: 1879266329}
  m_LocalRotation: {x: 0, y: 0, z: 0, w: 1}
  m_LocalPosition: {x: 0.86, y: -0.835, z: 4}
  m_LocalScale: {x: 0.3, y: 0.3, z: 0.3}
  m_LocalEulerAnglesHint: {x: 0, y: 0, z: 0}
  m_Children: []
  m_Father: {fileID: 460913202}
  m_RootOrder: 2
--- !u!102 &1879266331
TextMesh:
  serializedVersion: 3
  m_ObjectHideFlags: 0
  m_PrefabParentObject: {fileID: 0}
  m_PrefabInternal: {fileID: 0}
  m_GameObject: {fileID: 1879266329}
  m_Text: 'Main Menu

'
  m_OffsetZ: 0
  m_CharacterSize: 0.1
  m_LineSpacing: 1
  m_Anchor: 4
  m_Alignment: 1
  m_TabSize: 4
  m_FontSize: 50
  m_FontStyle: 0
  m_RichText: 1
  m_Font: {fileID: 12800000, guid: 7bc8f4815a4ab2e4fbc23fc239d1c0c6, type: 3}
  m_Color:
    serializedVersion: 2
    rgba: 4294967295
--- !u!23 &1879266332
MeshRenderer:
  m_ObjectHideFlags: 0
  m_PrefabParentObject: {fileID: 0}
  m_PrefabInternal: {fileID: 0}
  m_GameObject: {fileID: 1879266329}
  m_Enabled: 1
  m_CastShadows: 1
  m_ReceiveShadows: 1
  m_MotionVectors: 1
  m_LightProbeUsage: 1
  m_ReflectionProbeUsage: 1
  m_Materials:
  - {fileID: 2100000, guid: 7bc8f4815a4ab2e4fbc23fc239d1c0c6, type: 3}
  m_SubsetIndices: 
  m_StaticBatchRoot: {fileID: 0}
  m_ProbeAnchor: {fileID: 0}
  m_LightProbeVolumeOverride: {fileID: 0}
  m_ScaleInLightmap: 1
  m_PreserveUVs: 0
  m_IgnoreNormalsForChartDetection: 0
  m_ImportantGI: 0
  m_SelectedWireframeHidden: 0
  m_MinimumChartSize: 4
  m_AutoUVMaxDistance: 0.5
  m_AutoUVMaxAngle: 89
  m_LightmapParameters: {fileID: 0}
  m_SortingLayerID: 0
  m_SortingOrder: 0
--- !u!65 &1879266333
BoxCollider:
  m_ObjectHideFlags: 0
  m_PrefabParentObject: {fileID: 0}
  m_PrefabInternal: {fileID: 0}
  m_GameObject: {fileID: 1879266329}
  m_Material: {fileID: 0}
  m_IsTrigger: 0
  m_Enabled: 1
  serializedVersion: 2
  m_Size: {x: 3.5, y: 0.5, z: 0}
  m_Center: {x: 0.15, y: 0.35, z: 0}
--- !u!114 &1879266334
MonoBehaviour:
  m_ObjectHideFlags: 0
  m_PrefabParentObject: {fileID: 0}
  m_PrefabInternal: {fileID: 0}
  m_GameObject: {fileID: 1879266329}
  m_Enabled: 1
  m_EditorHideFlags: 0
  m_Script: {fileID: 11500000, guid: fbaaa86310b2deb48a8a924956841a35, type: 3}
  m_Name: 
  m_EditorClassIdentifier: 
--- !u!1 &1936393583
GameObject:
  m_ObjectHideFlags: 0
  m_PrefabParentObject: {fileID: 0}
  m_PrefabInternal: {fileID: 0}
  serializedVersion: 4
  m_Component:
  - 4: {fileID: 1936393584}
  - 114: {fileID: 1936393585}
  - 54: {fileID: 1936393586}
  m_Layer: 0
  m_Name: Avatar
  m_TagString: Untagged
  m_Icon: {fileID: 0}
  m_NavMeshLayer: 0
  m_StaticEditorFlags: 0
  m_IsActive: 1
--- !u!4 &1936393584
Transform:
  m_ObjectHideFlags: 0
  m_PrefabParentObject: {fileID: 0}
  m_PrefabInternal: {fileID: 0}
  m_GameObject: {fileID: 1936393583}
  m_LocalRotation: {x: 0, y: 0, z: 0, w: 1}
  m_LocalPosition: {x: -0.5, y: 0, z: 0}
  m_LocalScale: {x: 1, y: 1, z: 1}
  m_LocalEulerAnglesHint: {x: 0, y: 0, z: 0}
  m_Children:
  - {fileID: 463401346}
  - {fileID: 1615584529}
  - {fileID: 923666387}
  - {fileID: 680520920}
  - {fileID: 360276050}
  - {fileID: 1878476180}
  m_Father: {fileID: 1304717484}
  m_RootOrder: 1
--- !u!114 &1936393585
MonoBehaviour:
  m_ObjectHideFlags: 0
  m_PrefabParentObject: {fileID: 0}
  m_PrefabInternal: {fileID: 0}
  m_GameObject: {fileID: 1936393583}
  m_Enabled: 1
  m_EditorHideFlags: 0
  m_Script: {fileID: 11500000, guid: b4ce4e7079868b3468f4e8851bb34e3b, type: 3}
  m_Name: 
  m_EditorClassIdentifier: 
  rb: {fileID: 1936393586}
  velocities: []
  totalVelocity: {x: 0, y: 0, z: 0}
  settingVelocity: 0
  instantVelocity: {x: 0, y: 0, z: 0}
  accelerations: []
  totalAcceleration: {x: 0, y: 0, z: 0}
  grav: {x: 0, y: -1, z: 0}
  scaleFactor: 5
  vectorMagOffset: 1
  totalVelocityVector: {fileID: 0}
  totalVelocityHolder: {fileID: 0}
  xVelocityVector: {fileID: 0}
  yVelocityVector: {fileID: 0}
  zVelocityVector: {fileID: 0}
  totalAccelerationVector: {fileID: 0}
  totalAccelerationHolder: {fileID: 0}
  goal: {fileID: 0}
  projectile: {fileID: 0}
--- !u!54 &1936393586
Rigidbody:
  m_ObjectHideFlags: 0
  m_PrefabParentObject: {fileID: 0}
  m_PrefabInternal: {fileID: 0}
  m_GameObject: {fileID: 1936393583}
  serializedVersion: 2
  m_Mass: 1
  m_Drag: 0
  m_AngularDrag: 0.05
  m_UseGravity: 0
  m_IsKinematic: 0
  m_Interpolate: 0
  m_Constraints: 0
  m_CollisionDetection: 0
--- !u!4 &1961963518 stripped
Transform:
  m_PrefabParentObject: {fileID: 400000, guid: e31c7080d91978349bc94cf1bea184e2, type: 3}
  m_PrefabInternal: {fileID: 1820913722}
--- !u!1001 &2008443681
Prefab:
  m_ObjectHideFlags: 0
  serializedVersion: 2
  m_Modification:
    m_TransformParent: {fileID: 0}
    m_Modifications:
    - target: {fileID: 412860, guid: b3d0fa1645b2b1a4398aca020e52925e, type: 2}
      propertyPath: m_LocalPosition.x
      value: 0.20690918
      objectReference: {fileID: 0}
    - target: {fileID: 412860, guid: b3d0fa1645b2b1a4398aca020e52925e, type: 2}
      propertyPath: m_LocalPosition.y
      value: 0.9000244
      objectReference: {fileID: 0}
    - target: {fileID: 412860, guid: b3d0fa1645b2b1a4398aca020e52925e, type: 2}
      propertyPath: m_LocalPosition.z
      value: 0.739624
      objectReference: {fileID: 0}
    - target: {fileID: 412860, guid: b3d0fa1645b2b1a4398aca020e52925e, type: 2}
      propertyPath: m_LocalRotation.x
      value: 0
      objectReference: {fileID: 0}
    - target: {fileID: 412860, guid: b3d0fa1645b2b1a4398aca020e52925e, type: 2}
      propertyPath: m_LocalRotation.y
      value: 0
      objectReference: {fileID: 0}
    - target: {fileID: 412860, guid: b3d0fa1645b2b1a4398aca020e52925e, type: 2}
      propertyPath: m_LocalRotation.z
      value: 0
      objectReference: {fileID: 0}
    - target: {fileID: 412860, guid: b3d0fa1645b2b1a4398aca020e52925e, type: 2}
      propertyPath: m_LocalRotation.w
      value: 1
      objectReference: {fileID: 0}
    - target: {fileID: 412860, guid: b3d0fa1645b2b1a4398aca020e52925e, type: 2}
      propertyPath: m_RootOrder
      value: 1
      objectReference: {fileID: 0}
    m_RemovedComponents: []
  m_ParentPrefab: {fileID: 100100000, guid: b3d0fa1645b2b1a4398aca020e52925e, type: 2}
  m_IsPrefabParent: 0
--- !u!1 &2021607382
GameObject:
  m_ObjectHideFlags: 0
  m_PrefabParentObject: {fileID: 0}
  m_PrefabInternal: {fileID: 0}
  serializedVersion: 4
  m_Component:
  - 4: {fileID: 2021607383}
  - 135: {fileID: 2021607384}
  m_Layer: 0
  m_Name: Goal
  m_TagString: Untagged
  m_Icon: {fileID: 0}
  m_NavMeshLayer: 0
  m_StaticEditorFlags: 0
  m_IsActive: 1
--- !u!4 &2021607383
Transform:
  m_ObjectHideFlags: 0
  m_PrefabParentObject: {fileID: 0}
  m_PrefabInternal: {fileID: 0}
  m_GameObject: {fileID: 2021607382}
  m_LocalRotation: {x: 0, y: 0, z: 0, w: 1}
  m_LocalPosition: {x: 0.5, y: 0, z: 0}
  m_LocalScale: {x: 1, y: 1, z: 1}
  m_LocalEulerAnglesHint: {x: 0, y: 0, z: 0}
  m_Children:
  - {fileID: 1961963518}
  - {fileID: 1467453651}
  m_Father: {fileID: 1304717484}
  m_RootOrder: 0
--- !u!135 &2021607384
SphereCollider:
  m_ObjectHideFlags: 0
  m_PrefabParentObject: {fileID: 0}
  m_PrefabInternal: {fileID: 0}
  m_GameObject: {fileID: 2021607382}
  m_Material: {fileID: 0}
  m_IsTrigger: 1
  m_Enabled: 1
  serializedVersion: 2
  m_Radius: 0.15
  m_Center: {x: 0, y: 0, z: 0}
--- !u!1001 &2028698159
Prefab:
  m_ObjectHideFlags: 0
  serializedVersion: 2
  m_Modification:
    m_TransformParent: {fileID: 0}
    m_Modifications:
    - target: {fileID: 402774, guid: b84b73491ac53a34095000876132a211, type: 2}
      propertyPath: m_LocalPosition.x
      value: 0
      objectReference: {fileID: 0}
    - target: {fileID: 402774, guid: b84b73491ac53a34095000876132a211, type: 2}
      propertyPath: m_LocalPosition.y
      value: 0
      objectReference: {fileID: 0}
    - target: {fileID: 402774, guid: b84b73491ac53a34095000876132a211, type: 2}
      propertyPath: m_LocalPosition.z
      value: 0
      objectReference: {fileID: 0}
    - target: {fileID: 402774, guid: b84b73491ac53a34095000876132a211, type: 2}
      propertyPath: m_LocalRotation.x
      value: 0
      objectReference: {fileID: 0}
    - target: {fileID: 402774, guid: b84b73491ac53a34095000876132a211, type: 2}
      propertyPath: m_LocalRotation.y
      value: 0
      objectReference: {fileID: 0}
    - target: {fileID: 402774, guid: b84b73491ac53a34095000876132a211, type: 2}
      propertyPath: m_LocalRotation.z
      value: 0
      objectReference: {fileID: 0}
    - target: {fileID: 402774, guid: b84b73491ac53a34095000876132a211, type: 2}
      propertyPath: m_LocalRotation.w
      value: 1
      objectReference: {fileID: 0}
    - target: {fileID: 402774, guid: b84b73491ac53a34095000876132a211, type: 2}
      propertyPath: m_RootOrder
      value: 0
      objectReference: {fileID: 0}
    m_RemovedComponents: []
  m_ParentPrefab: {fileID: 100100000, guid: b84b73491ac53a34095000876132a211, type: 2}
  m_IsPrefabParent: 0
--- !u!1 &2085071456
GameObject:
  m_ObjectHideFlags: 0
  m_PrefabParentObject: {fileID: 0}
  m_PrefabInternal: {fileID: 0}
  serializedVersion: 4
  m_Component:
  - 4: {fileID: 2085071457}
  - 108: {fileID: 2085071458}
  m_Layer: 0
  m_Name: Spotlight
  m_TagString: Untagged
  m_Icon: {fileID: 0}
  m_NavMeshLayer: 0
  m_StaticEditorFlags: 0
  m_IsActive: 1
--- !u!4 &2085071457
Transform:
  m_ObjectHideFlags: 0
  m_PrefabParentObject: {fileID: 0}
  m_PrefabInternal: {fileID: 0}
  m_GameObject: {fileID: 2085071456}
  m_LocalRotation: {x: 0, y: 0, z: 0, w: 1}
  m_LocalPosition: {x: 0, y: -1.59, z: -0.74}
  m_LocalScale: {x: 1, y: 1, z: 1}
  m_LocalEulerAnglesHint: {x: 90, y: 0, z: 0}
  m_Children: []
  m_Father: {fileID: 931020664}
  m_RootOrder: 3
--- !u!108 &2085071458
Light:
  m_ObjectHideFlags: 0
  m_PrefabParentObject: {fileID: 0}
  m_PrefabInternal: {fileID: 0}
  m_GameObject: {fileID: 2085071456}
  m_Enabled: 1
  serializedVersion: 7
  m_Type: 0
  m_Color: {r: 1, g: 0, b: 0, a: 1}
  m_Intensity: 1
  m_Range: 10
  m_SpotAngle: 30
  m_CookieSize: 10
  m_Shadows:
    m_Type: 1
    m_Resolution: -1
    m_CustomResolution: -1
    m_Strength: 1
    m_Bias: 0.05
    m_NormalBias: 0.4
    m_NearPlane: 0.2
  m_Cookie: {fileID: 0}
  m_DrawHalo: 0
  m_Flare: {fileID: 0}
  m_RenderMode: 0
  m_CullingMask:
    serializedVersion: 2
    m_Bits: 4294967295
  m_Lightmapping: 4
  m_AreaSize: {x: 1, y: 1}
  m_BounceIntensity: 0
  m_ShadowRadius: 0
  m_ShadowAngle: 0
